@TECHREPORT{pblastry1,
      AUTHOR = {Aboelaze, M. and Chrisochoides, N. and Houstis, E.},
      TITLE = {The Parallelization of Level 2 and 3 BLAS Operations on
               Distributed Memory Machines},
      INSTITUTION = {Purdue University},
      YEAR = {1991},
      TYPE = {{T}echnical {R}eport {CSD}-{TR}-91-007},
      MONTH = {},
      ADDRESS = {West Lafayette, IN} }

@ARTICLE{summa,
      AUTHOR = {Agarwal, R. and Gustavson, F. and Zubair, M.},
      TITLE = {A High Performance Matrix Multiplication Algorithm on a
               Distributed-Memory Parallel Computer, Using Overlapped
               Communication},
      JOURNAL = {{IBM} J. Res. Develop.},
      YEAR = {1994},
      VOLUME = {38},
      NUMBER = {6},
      PAGES = {673--681} }

@BOOK{laug,
      AUTHOR = {Anderson, E. and Bai, Z. and Bischof, C. and
                Blackford, S. and Demmel, J. and Dongarra, J. and
                Du Croz, J. and Greenbaum, A. and Hammarling, S. and
                McKenney, A. and Sorensen, D.},
      TITLE = {{LAPACK} Users' Guide},
      EDITION = {Third},
      PUBLISHER = {Society for Industrial and Applied Mathematics},
      YEAR = {1999},
      ADDRESS = {Philadelphia, PA},
      ISBN = {0-89871-447-8 (paperback)} }

@TECHREPORT{lawn20,
      AUTHOR = {Anderson, E. and Bai, Z. and Bischof, C. and Demmel, J. and
                Dongarra, J. and Du Croz, J. and Greenbaum, A. and
                Hammarling, S. and McKenney, A. and Sorensen, D.},
      TITLE = {{LAPACK}: A Portable Linear Algebra Library for
               High-Performance Computers},
      INSTITUTION = {University of Tennessee},
      YEAR = {1990},
      TYPE = {{C}omputer {S}cience {D}ept. {T}echnical {R}eport},
      MONTH = {May},
      ADDRESS = {Knoxville, TN},
      NUMBER = {CS-90-105},
      NOTE = {(Also LAPACK Working Note \#20)} }

@ARTICLE{lawn31,
      AUTHOR = {Anderson, E. and Bai, Z. and Dongarra, J.},
      TITLE = {Generalized {QR} Factorization and its Applications},
      JOURNAL = {Lin. Alg. Applic.},
      YEAR = {1992},
      VOLUME = {162-164},
      PAGES = {243--271},
      NOTE = {(Also LAPACK Working Note \#31)} }

@TECHREPORT{lawn41,
      AUTHOR = {Anderson, E. and Dongarra, J. and Ostrouchov, S.},
      TITLE = {Installation Guide for {LAPACK}},
      INSTITUTION = {University of Tennessee},
      YEAR = {1992},
      TYPE = {{C}omputer {S}cience {D}ept. {T}echnical {R}eport},
      MONTH = {March},
      ADDRESS = {Knoxville, TN},
      NUMBER = {CS-92-151},
      NOTE = {(Also LAPACK Working Note \#41)} }


@ARTICLE{arbenzgolub,
      AUTHOR = {Arbenz, P. and Golub, G.},
      TITLE = {On the Spectral Decomposition of {H}ermitian Matrices Modified
               by Row Rank Perturbations with Applications},
      JOURNAL = {{SIAM} J. Matrix Anal. Appl.},
      YEAR = {1988},
      VOLUME = {9},
      NUMBER = {1},
      PAGES = {40--58},
      MONTH = {January}    }

@ARTICLE{arnold66,
      AUTHOR = { Arnol'd, V. I.},
      TITLE = {On Matrices Depending on Parameters},
      JOURNAL = {Russian Math. Survyes},
      YEAR = {1971},
      VOLUME = {26},
      PAGES = {29--43} }

@ARTICLE{arioliDemmelduff,
      AUTHOR = { Arioli, M. and Demmel, J. and Duff, I. S.},
      TITLE = {Solving Sparse Linear Systems with Sparse Backward Error}, 
      JOURNAL = {{SIAM} J. Matrix Anal. Appl.},
      YEAR = {1989},
      VOLUME = {10},
      NUMBER = {2},
      PAGES = {165--190},
      MONTH = {April}    }

@BOOK{AHU,
      AUTHOR = {Aho, A. and Hopcroft, J. and Ullman, J},
      TITLE = {The Design and Analysis of Computer Algorithms},
      PUBLISHER = {Addison-Wesley},
      YEAR = {1974} }

@ARTICLE{arioliduffderijk,
      AUTHOR = { Arioli, M. and Duff, I. S. and de Rijk, P. P. M.},
      TITLE = {On the Augmented System Approach to Sparse Least Squares 
               Problems},
      JOURNAL = {Numer. Math.},
      YEAR = {1989},
      VOLUME = {55},
      PAGES = {667--684}}

@INPROCEEDINGS{baiDemmel92a,
      AUTHOR = {Bai, Z. and Demmel, J.},
      TITLE = {Design of a Parallel Nonsymmetric Eigenroutine Toolbox,
              {P}art {I} },
      BOOKTITLE = {Proceedings of the Sixth SIAM Conference on Parallel
                   Processing for Scientific Computing},
      EDITOR = {Sincovec, R. F. {\em et al} },
      PUBLISHER = {Society for Industrial and Applied Mathematics},
      ADDRESS = {Philadelphia, PA},
      PAGES = {391--398},
      YEAR = {1993},
      NOTE = {Long version available as {C}omputer {S}cience {R}eport
          {CSD}-92-718, {U}niversity of {C}alifornia, {B}erkeley,
          1992} }

@TECHREPORT{lawn91,
      AUTHOR      = {Z. Bai and Demmel, J. and J. Dongarra and  A.  Petitet
                     and H. Robinson and K. Stanley},
      TITLE       = {The Spectral Decomposition of Nonsymmetric Matrices
                    on Distributed Memory Computers},
      INSTITUTION = {University of Tennessee},
      TYPE = {{C}omputer {S}cience {D}ept. {T}echnical {R}eport},
      ADDRESS     = {Knoxville, TN},
      NUMBER      = {CS-95-273},
      NOTE        = {(Also {LAPACK} {W}orking {N}ote No. 91),
                    To appear in {SIAM} J. Sci. Stat. Comput.},
      YEAR        = {1995} }

@ARTICLE{baiDemmel92b,
      AUTHOR = {Bai, Z. and Demmel, J.},
      TITLE = {Computing the Generalized Singular Value Decomposition},
      JOURNAL = {{SIAM} J. Sci. Comp.},
      YEAR = {1993},
      VOLUME = {14},
      NUMBER = {},
      NOTE = {(Also LAPACK Working Note \#46)},
      PAGES = {1464--1486}}

@ARTICLE{baiDemmel89,
      AUTHOR = {Bai, Z. and Demmel, J.},
      TITLE = {On a block implementation of {H}essenberg multishift {QR} iteration},
      JOURNAL = {International Journal of High Speed Computing},
      YEAR = {1989},
      VOLUME = {1},
      NUMBER = {},
      NOTE = {(Also LAPACK Working Note \#8)},
      PAGES = {97--112}}

@ARTICLE{baiDemmel97,
      AUTHOR = {Bai, Z. and Demmel, J.},
      TITLE = {Using the Matrix Sign Function to Compute Invariant Subspaces},
      JOURNAL = {SIAM J. Matrix Anal. Appl},
      VOLUME = {x},
      PAGES = {xxx},
      NUMBER = {x},
      MONTH = {},
      YEAR = {1997},
      NOTE = {to appear} }

@TECHREPORT{bddpr94,
      AUTHOR = {Bai, Z. and Demmel, J. and Dongarra, J. and Petitet, A. and
                Robinson, H.},
      TITLE = {The Spectral Decomposition of Nonsymmetric Matrices
               on Distributed Memory Parallel Computers},
      INSTITUTION = {University of Tennessee at Knoxville},
      TYPE = {Computer Science Dept. Technical Report},
      NUMBER = {CS-95-273},
      YEAR = {1995},
      NOTE = {to appear in SIAM J. Sci. Comp.} }

@ARTICLE{baileyleesimon,
      AUTHOR = {Bailey, D. H. and Lee, K. and Simon, H. D.},
      TITLE = {Using {S}trassen's Algorithm to Accelerate the Solution of
               Linear Systems},
      JOURNAL = {J. Supercomputing},
      VOLUME = {4},
      YEAR = {1991},
      PAGES = {97--371} }

@ARTICLE{barlowDemmel,
      AUTHOR = {Barlow, J. and Demmel, J.},
      TITLE = {Computing Accurate Eigensystems of Scaled Diagonally
               Dominant Matrices},
      YEAR = {1990},
      MONTH = {June},
      JOURNAL = {{SIAM} J. Numer. Anal.},
      VOLUME = {27},
      NUMBER = {3},
      NOTE = {(Also LAPACK Working Note \#7)},
      PAGES = {762--791} }

@INPROCEEDINGS{rob1,
      AUTHOR = {Barnett, M. and Littlefield, R. and Payne, D. and
                van~de Geijn, R. A.},
      TITLE = {Global Combine on Mesh Architectures with Wormhole Routing},
      BOOKTITLE = {Proceedings of the 7th International Parallel
                   Processing Symposium},
      PUBLISHER = {},
      YEAR = {1993},
      ADDRESS = { },
      PAGES = {} }

@ARTICLE{bartels,
      AUTHOR = {Bartels, R. H. and Stewart, G. W.},
      TITLE = {Solution of the Equation $AX+XB=C$},
      JOURNAL = {Comm. Assoc. Comput. Mach.},
      YEAR = {1972},
      VOLUME = {15},
      PAGES = {820--826}   }

@ARTICLE{batterson90,
      AUTHOR = {Batterson, S.},
      TITLE = {Convergence of the Shifted {QR} Algorithm on 3 by 3 Normal 
               Matrices},
      JOURNAL = {Num. Math.},
      YEAR = {1990},
      VOLUME = {58},
      PAGES = {341--352}   }

@ARTICLE{bauer,
      AUTHOR = {Bauer, F. L. and Fike, C. T.},
      TITLE = {Norms and Exclusion Theorems},
      JOURNAL = {Num. Math.},
      YEAR = {1960},
      VOLUME = {2},
      PAGES = {137--141}   }

@ARTICLE{bauer63,
      AUTHOR = {Bauer, F. L.},
      TITLE = {Optimally Scaled Matrices},
      JOURNAL = {Num. Math.},
      YEAR = {1963},
      VOLUME = {5},
      PAGES = {73--87}   }

@ARTICLE{bauer66,
      AUTHOR = {Bauer, F. L.},
      TITLE = {Genauigkeitsfragen bei der {L}\"{o}sung linearer 
               {G}leichungssysteme},
      JOURNAL = {Z. Angew. Math. Mech.},
      YEAR = {1966},
      VOLUME = {46},
      PAGES = {409--421}   }

@ARTICLE{bavelystewart,
      AUTHOR = {Bavely, C. A. and Stewart, G. W.},
      TITLE = {An Algorithm for Computing Reducing Subspaces by
               Block Diagonalization},
      JOURNAL = {{SIAM} J. Num. Anal.},
      YEAR = {1979},
      MONTH = {April},
      PAGES = {359--367}   }

@ARTICLE{beattiefox,
      AUTHOR = {Beattie, C. and Fox, D.},
      TITLE = {Localization Criteria and Containment for
               {R}ayleigh Quotient Iteration},
      JOURNAL = {{SIAM} J. Mat. Anal. Appl.},
      YEAR = {1989},
      VOLUME = {10},
      NUMBER = {1},
      MONTH = {January},
      PAGES = {80--93}   }

@ARTICLE{beelenvandooren88,
      AUTHOR = {Beelen, T. and Van Dooren, P.},
      TITLE = {An Improved Algorithm for the Computation of
               {K}ronecker's Canonical Form of a Singular Pencil},
      JOURNAL = {Lin. Alg. Applic.},
      VOLUME = {105},
      YEAR = {1988},
      PAGES = {9--65} }

@INPROCEEDINGS{beelen86,
      AUTHOR = {Beelen, T. and Van Dooren, P. and Verhaegen, M.},
      TITLE = {A Class of Staircase Algorithms for Generalized State
               Space Systems},
      BOOKTITLE = {Proceedings of the American Control Conference},
      YEAR = {1986},
      ADDRESS = {Seattle, Wash.},
      PAGES = {425--426} }

@TECHREPORT{bernstein,
      AUTHOR = {Bernstein, H.},
      TITLE = {An Accelerated Bisection Method for the Calculation of 
               Eigenvalues of a Symmetric Tridiagonal Matrix},
      INSTITUTION = {Courant Institute},
      YEAR = {1983},
      TYPE = {{C}omputer {S}cience {D}ept. {T}echnical {R}eport},
      MONTH = {July},
      ADDRESS = {New York, NY},
      NUMBER = {79}    }

@ARTICLE{berrysameh,
      AUTHOR = {Berry, M. and Sameh, A.},
      TITLE = {Parallel Algorithms for the Singular Value and Dense Symmetric
               Eigenvalues Problems},
      JOURNAL = {J. Comput. and Appl. Math.},
      YEAR = {1989},
      VOLUME = {27},
      PAGES = {191--213}   }

 
@TECHREPORT{lawn111,
      AUTHOR      = {J. Bilmes and K. Asanovic and Demmel, J. and D. Lam and
                    C. Chin},
      TITLE       = {Optimizing Matrix Multiply using {PH}i{PAC}: A
                    Portable, High-Performance, {ANSI} {C} Coding Methodology},
      INSTITUTION = {University of Tennessee},
      TYPE = {{C}omputer {S}cience {D}ept. {T}echnical {R}eport},
      NUMBER = {CS-96-326},
      ADDRESS = {Knoxville, TN},
      YEAR        = {1996},
      NOTE = {(Also LAPACK Working Note \#111)} }

@ARTICLE{bischof88,
      AUTHOR = {Bischof, C.},
      TITLE = {Adaptive Blocking in the {QR} Factorization},
      JOURNAL = {J. Supercomputing},
      VOLUME = {3},
      NUMBER = {3},
      PAGES = {193--208},
      YEAR = {1989} }

@INPROCEEDINGS{bischof90,
      AUTHOR = {Bischof, C. and Lacroute, P.},
      TITLE = {An Adaptive Blocking Strategy for Matrix Factorizations},
      BOOKTITLE = {Lecture Notes in Computer Science 457},
      EDITOR = {H. Burkhart},
      PUBLISHER = {Springer-Verlag},
      ADDRESS = {New York, NY},
      YEAR = {1990},
      PAGES = {210--221} }
 
@INCOLLECTION{BV89,
    AUTHOR = "R. H. Bisseling and J. G. G. {van de Vorst}",
    TITLE = "Parallel {LU} Decomposition on a Transputer Network",
    BOOKTITLE = "Lecture Notes in Computer Science, Number 384",
    EDITOR = "G. A. {van Zee} and J. G. G. {van de Vorst}",
    PUBLISHER = "Springer-Verlag",
    PAGES = "61--77",
    YEAR = 1989 }

@MISC{bjorck1,
      AUTHOR = {Bj\"{o}rck, \AA.},
      NOTE = {private communication},
      YEAR = {1989}}

@ARTICLE{bjorck,
      AUTHOR = {Bj\"{o}rck, \AA. and Golub, G.},
      TITLE = {Numerical Methods for Computing Angles Between Linear Subspaces},
      JOURNAL = {Math. Comp.},
      YEAR = {1973},
      VOLUME = {27},
      PAGES = {579--594}}

@BOOK{slug,
      AUTHOR = {Blackford, L. S. and Choi, J. and Cleary, A. and 
                D'Azevedo, E. and Demmel, J. and Dhillon, I. S. and
                Dongarra, J. and Hammarling, S. and Henry, G. and
                Petitet, A. and Stanley, K. and Walker, D. and 
                Whaley, R. C.},
      TITLE = {{ScaLAPACK} Users' Guide},
      PUBLISHER = {{SIAM}},
      YEAR = {1997},
      ADDRESS = {Philadelphia, PA},
      ISBN = {0-89871-397-8 (paperback)} }

@TECHREPORT{lawn112,
      AUTHOR = {Blackford, L. S. and Cleary, A. and Demmel, J. and
                Dhillon, I. S. and Dongarra, J. and Hammarling, S. and
                Petitet, A. and Ren, H. and Stanley, K. and Whaley, R. C.},
      TITLE = {Practical Experience in the Dangers of Heterogeneous Computing},
      INSTITUTION = {University of Tennessee},
      YEAR = {1996},
      TYPE = {{C}omputer {S}cience {D}ept. {T}echnical {R}eport},
      MONTH = {July},
      ADDRESS = {Knoxville, TN},
      NUMBER = {CS-96-330},
      NOTE = {(Also LAPACK Working Note \#112), to appear ACM Trans.
             Math. Softw., 1997} }

@ARTICLE{dayde94a,
AUTHOR         = {M. Dayde and I. Duff and A. Petitet},
TITLE          = {A Parallel Block Implementation of {L}evel 3 {BLAS}
                 for {MIMD} Vector Processors},
JOURNAL        = toms,
YEAR           = 1994,
VOLUME         = 20,
NUMBER         = 2,
PAGES          = {178-193} }

@TECHREPORT{lawn86,
      AUTHOR = {Demmel, J. and Stanley, K.},
      TITLE = {The Performance of Finding Eigenvalues and Eigenvectors
               of Dense Symmetric Matrices on Distributed Memory Computers},
      INSTITUTION = {University of Tennessee},
      YEAR = {1994},
      TYPE = {{C}omputer {S}cience {D}ept. {T}echnical {R}eport},
      MONTH = {September},
      ADDRESS = {Knoxville, TN},
      NUMBER = {CS-94-254},
      NOTE = {(Also LAPACK Working Note \#86)} }

@INPROCEEDINGS{blackford96a,
   AUTHOR       = {Blackford, L. S. and Choi, J. and Cleary, A. and Demmel, J.
                   and Dhillon, I. S. and Dongarra, J. and Hammarling, S. and
                   Henry, G. and Petitet, A. and Stanley, K. and Walker, D. W.
                   and Whaley, R. C.},
   TITLE        = {{ScaLAPACK}: A Portable Linear Algebra Library for
                  Distributed Memory Computers - Design Issues and
                  Performance},
   BOOKTITLE    = {Proceedings of Supercomputing '96},
   PUBLISHER    = {Sponsored by ACM SIGARCH and IEEE Computer Society},
   YEAR         = {1996},
   ISBN         = {0-89791-854-1},
   NOTE         = {(ACM Order Number: 415962, IEEE Computer Society Press Order
                   Number: RS00126.
                   http://www.supercomp.org/sc96/proceedings/)} }

@TECHREPORT{lawn117,
      AUTHOR = {Blackford, L. S. and Dongarra, J. and Du Croz, J. and
                Hammarling, S. and Wa\'sniewski, J.},
      TITLE = {A {Fortran~90} Interface for {LAPACK}:  {LAPACK90}, version 1.0},
      INSTITUTION = {University of Tennessee},
      YEAR = {1996},
      TYPE = {{C}omputer {S}cience {D}ept. {T}echnical {R}eport},
      MONTH = {November},
      ADDRESS = {Knoxville, TN},
      NUMBER = {CS-96-341},
      NOTE = {(Also LAPACK Working Note \#117)} }

@TECHREPORT{lawn125,
      AUTHOR = {Cleary, A. and Dongarra, J.},
      TITLE = {Implementation in ScaLAPACK of Divide-and-Conquer
               Algorithms for Banded and Tridiagonal Linear Systems},
      INSTITUTION = {University of Tennessee},
      YEAR = {1997},
      TYPE = {{C}omputer {S}cience {D}ept. {T}echnical {R}eport},
      MONTH = {April},
      ADDRESS = {Knoxville, TN},
      NUMBER = {CS-97-358},
      NOTE = {(Also LAPACK Working Note \#125)} }

@TECHREPORT{dunigan96a,
     AUTHOR      = {J. Dongarra and T. Dunigan},
     TITLE       = {Message-Passing Performance of Various Computers},
     NUMBER      = {{ORNL}/{TM}-13006},
     INSTITUTION = {Oak Ridge National Laboratory},
     ADDRESS     = {Oak Ridge, TN},
     NOTE        = {Submitted and accepted to Concurrency:
                  Practice and Experience},
     YEAR        = {1996} }

@INPROCEEDINGS{henry97a,
      AUTHOR    = {J. Dongarra and G. Henry and D. Watkins},
      TITLE     = {A Distributed Memory Implementation of the
                  Nonsymmetric {QR} Algorithm},
      BOOKTITLE = {Proceedings of the Eighth SIAM Conference on Parallel
                 Processing for Scientific Computing},
      PUBLISHER = {Society for Industrial and Applied Mathematics},
      ADDRESS = {Philadelphia, PA},
      YEAR      = {1997} }

@TECHREPORT{lawn121,
      AUTHOR = {Henry, G. and Watkins, D. and Dongarra, J.},
      TITLE = {A Parallel Implementation of the Nonsymmetric {QR}
               Algorithm for Distributed Memory Architectures},
      INSTITUTION = {University of Tennessee},
      YEAR = {1997},
      TYPE = {{C}omputer {S}cience {D}ept. {T}echnical {R}eport},
      MONTH = {March},
      ADDRESS = {Knoxville, TN},
      NUMBER = {CS-97-352},
      NOTE = {(Also LAPACK Working Note \# 121)} }

@ARTICLE{lawn79,
  AUTHOR = {Henry, G. and Van de Geijn, R.},
  TITLE = {Parallelizing the {QR} Algorithm for the Unsymmetric
           Algebraic Eigenvalue Problem: {Myths} and Reality},
  JOURNAL = {SIAM J. Sci. Comput.},
  VOLUME = {17},
  NUMBER = {4},
  PAGES = {870--883},
  YEAR = {1996},
  NOTE = {(Also LAPACK Working Note \#79)} }

@ARTICLE{blas1,
      AUTHOR = {Lawson, C. L. and Hanson, R. J. and Kincaid, D. and 
                Krogh, F. T.},
      TITLE = {Basic Linear Algebra Subprograms for {F}ortran Usage},
      JOURNAL = {{ACM} Trans. Math. Softw.},
      YEAR = {1979},
      VOLUME = {5},
      PAGES = {308--323}}

@ARTICLE{blas2,
      AUTHOR = { Dongarra, J. and Du Croz, J. and Hammarling, S. and
                 Hanson, Richard J. },
      TITLE = {An Extended Set of {FORTRAN} {B}asic {L}inear {A}lgebra {S}ubprograms} ,
      JOURNAL = {{ACM} Trans. Math. Softw.},
      YEAR = {1988},
      VOLUME = {14},
      NUMBER = {1},
      PAGES = {1--17},
      MONTH = {March}    }

@ARTICLE{blas2alg,
      AUTHOR = { Dongarra, J. and Du Croz, J. and Hammarling, S. and
                 Hanson, Richard J. },
      TITLE = {Algorithm 656: An Extended Set of {FORTRAN} 
               {B}asic {L}inear {A}lgebra {S}ubprograms:
               {M}odel implementation and test programs},
      JOURNAL = {{ACM} Trans. Math. Softw.},
      YEAR = {1988},
      VOLUME = {14},
      NUMBER = {1},
      PAGES = {18--32},
      MONTH = {March}    }

@ARTICLE{blas3,
      AUTHOR = {Dongarra, J. and Du Croz, J. and Duff, I. S. and
                Hammarling, S. },
      TITLE = {A Set of {L}evel 3 {B}asic {L}inear {A}lgebra {S}ubprograms},
      JOURNAL = {{ACM} Trans. Math. Softw.},
      YEAR = {1990},
      VOLUME = {16},
      NUMBER = {1},
      PAGES = {1--17},
      MONTH = {March}  }

@ARTICLE{blas3alg,
      AUTHOR = {Dongarra, J. and Du Croz, J. and Duff, I. S. and
                Hammarling, S. },
      TITLE = {Algorithm 679: 
               A Set of {L}evel 3 {B}asic {L}inear {A}lgebra {S}ubprograms:
              {M}odel implementation and test programs},
      JOURNAL = {{ACM} Trans. Math. Softw.},
      YEAR = {1990},
      VOLUME = {16},
      NUMBER = {1},
      PAGES = {18--28},
      MONTH = {March}  }

@PHDTHESIS{boley81,
      AUTHOR = {Boley, D.},
      TITLE = {Computing the Controllability/Observability Decomposition
               of a Linear Time-Invariant Dynamic System: a Numerical 
               Approach},
      SCHOOL = {Stanford University},
      NOTE = {Computer Science Dept.},
      YEAR = {1981} }

@ARTICLE{boleygolub84,
      AUTHOR = {Boley, D. and Golub, G.},
      TITLE = {The {L}anczos-{A}rnoldi Algorithm and controllability},
      JOURNAL = {Systems and Control Letters},
      VOLUME = {4},
      YEAR = {1984},
      PAGES = {317--324} }

@ARTICLE{bdvl,
      AUTHOR = {Bunch, J. R. and Demmel, J. and Van Loan, C. F.},
      TITLE = {The Strong Stability of Algorithms for Solving Symmetric
               Linear Systems},
      JOURNAL = {{SIAM} J. Matrix Anal. Appl.},
      VOLUME = {10},
      NUMBER = {4},
      MONTH = {October},
      YEAR = {1989},
      PAGES = {494--499} }

@BOOK{brent,
      AUTHOR = {Brent, R. P.},
      TITLE = {Algorithms for Minimization Without Derivatives},
      PUBLISHER = {Prentice-Hall},
      YEAR = {1973}}

@ARTICLE{pblastry4,
      AUTHOR = {Brent, R. and Strazdins, P.},
      TITLE = {Implementation of {BLAS} Level 3 and {LINPACK} Benchmark on the
               AP1000},
      JOURNAL = {{F}ujitsu {S}cientific and {T}echnical {J}ournal},
      VOLUME = {5},
      NUMBER = {1},
      MONTH = {},
      YEAR = {1993},
      PAGES = {61--70} }

@TECHREPORT{netlib1,
      AUTHOR = {Browne, S. and Dongarra, J. and Green, S. and Grosse, E.
                and Moore, K. and Rowan, T. and Wade, R.},
      TITLE = {Netlib Services and Resources (Rev. 1)},
      INSTITUTION = {University of Tennessee},
      YEAR = {1994},
      TYPE = {{C}omputer {S}cience {D}ept. {T}echnical {R}eport},
      NUMBER = {CS-94-222},
      ADDRESS = {Knoxville, TN} }

@ARTICLE{netlib2,
      AUTHOR = {Browne, S. and Dongarra, J. and Grosse, E. and Rowan, T.},
      TITLE = {The Netlib Mathematical Software Repository},
      JOURNAL = {{D-Lib} Magazine (www.dlib.org)},
      YEAR = {1995},
      VOLUME = {},
      NUMBER = {},
      PAGES = {},
      MONTH = {}  }

@ARTICLE{bunchkaufman,
      AUTHOR = {Bunch, J. and Kaufman, L.},
      TITLE = {Some Stable Methods for Calculating Inertia and
               Solving Symmetric Linear Systems},
      JOURNAL = {Mathematics of Computation},
      YEAR = {1977},
      VOLUME = {31},
      NUMBER = {137},
      PAGES = {163--179},
      MONTH = {January}  }

@ARTICLE{busingergolub,
      AUTHOR = {Businger, P. A. and Golub, G.},
      TITLE = {Algorithm 358: Singular Value Decomposition of a Complex Matrix},
      JOURNAL = {Comm. Assoc. Comput. Mach.},
      YEAR = {1969},
      VOLUME = {12},
      PAGES = {564--565} }

@ARTICLE{byers,
      AUTHOR = {Byers, R.},
      TITLE = {A {LINPACK}-Style Condition Estimator for the Equation
               $AX-XB^{\rm T} = C$},
      JOURNAL = {IEEE Trans. Auto. Cntl.},
      YEAR = {1984},
      VOLUME = {AC-29},
      PAGES = {926--928} }

@ARTICLE{chan87,
      AUTHOR = {Chan, T.},
      TITLE = {Rank Revealing {QR} Factorizations},
      JOURNAL = {Lin. Alg. Applic.},
      VOLUME = {88/89},
      YEAR = {1987},
      PAGES = {67--82} }

@ARTICLE{chan,
      AUTHOR = {Chan, S. P. and Feldman, R. and Parlett, B. N.},
      TITLE = {A Program for Computing the Condition Numbers of Matrix
               Eigenvalues Without Computing Eigenvectors},
      JOURNAL = {{ACM} Trans. Math. Softw.},
      VOLUME = {3},
      YEAR = {1977},
      PAGES = {186--203} }

@BOOK{chatelin,
      AUTHOR = {Chatelin, F.},
      TITLE = {Valeurs Propres de Matrices},
      PUBLISHER = {Masson},
      ADDRESS = {Paris},
      YEAR = {1988},
      NOTE = {English translation to appear (Wiley)} }

@TECHREPORT{lawn93,
      AUTHOR = {Choi, J. and Demmel, J. and Dhillon, I. S. and 
                Dongarra, J. and Ostrouchov, S. and Petitet, A. and
                Stanley, K. and Walker, D. and Whaley, R. C.},
      TITLE = {Installation Guide for {ScaLAPACK}},
      INSTITUTION = {University of Tennessee},
      YEAR = {1995},
      TYPE = {{C}omputer {S}cience {D}ept. {T}echnical {R}eport},
      MONTH = {March},
      NUMBER = {CS-95-280},
      ADDRESS = {Knoxville, TN},
      NOTE = {(Also LAPACK Working Note \#93)} }

@TECHREPORT{lawn95,
      AUTHOR = {Choi, J. and Demmel, J. and Dhillon, I. S. and 
                Dongarra, J. and Ostrouchov, S. and Petitet, A. and
                Stanley, K. and Walker, D. and Whaley, R. C.},
      TITLE = {{ScaLAPACK}: A Portable Linear Algebra Library for
               Distributed Memory Computers - Design Issues and Performance},
      INSTITUTION = {University of Tennessee},
      YEAR = {1995},
      TYPE = {{C}omputer {S}cience {D}ept. {T}echnical {R}eport},
      MONTH = {March},
      ADDRESS = {Knoxville, TN},
      NUMBER = {CS-95-283},
      NOTE = {(Also LAPACK Working Note \#95)} }

@TECHREPORT{lawn100,
      AUTHOR = {Choi, J. and Dongarra, J. and Ostrouchov, S. and
                Petitet, A. and Walker, D. and Whaley, R. C.},
      TITLE = {A Proposal for a Set of Parallel Basic Linear Algebra
               Subprograms},
      INSTITUTION = {University of Tennessee},
      YEAR = {1995},
      TYPE = {{C}omputer {S}cience {D}ept. {T}echnical {R}eport},
      MONTH = {May},
      ADDRESS = {Knoxville, TN},
      NUMBER = {CS-95-292},
      NOTE = {(Also LAPACK Working Note \#100)} }

@ARTICLE{lawn80,
      AUTHOR = {Choi, J. and Dongarra, J. and Ostrouchov, S. and
                Petitet, A. and Walker, D. and Whaley, R. C.},
      TITLE = {The Design and Implementation of the {ScaLAPACK} {LU}, {QR}, and
               {Cholesky} Factorization Routines},
      JOURNAL = {Scientific Programming},
      VOLUME = {5},
      YEAR = {1996},
      PAGES = {173--184},
      NOTE = {(Also LAPACK Working Note \#80)} }

@INPROCEEDINGS{lawn55,
      AUTHOR = {Choi, J. and Dongarra, J. and Pozo, R. and Walker, D.},
      TITLE = {{ScaLAPACK}: A Scalable Linear Algebra Library for Distributed
               Memory Concurrent Computers},
      BOOKTITLE = {Proceedings of the Fourth Symposium on the Frontiers of
                   Massively Parallel Computation},
      PUBLISHER = {{IEEE} {C}omputer {S}ociety {P}ress},
      YEAR = {1992},
      ADDRESS = {McLean, Virginia},
      PAGES = {120--127},
      NOTE = {(Also LAPACK Working Note \#55)} }

@INPROCEEDINGS{lawn65,
      AUTHOR = {Choi, J. and Dongarra, J. and Walker, D.},
      TITLE = {Parallel Matrix Transpose Algorithms on Distributed
               Memory Concurrent Computers},
      BOOKTITLE = {Proceedings of the Fourth Symposium on the Frontiers of
                   Massively Parallel Computation},
      PUBLISHER = {{IEEE} {C}omputer {S}ociety {P}ress},
      YEAR = {1993},
      ADDRESS = {McLean, Virginia},
      PAGES = {245--252},
      NOTE = {(Also LAPACK Working Note \#65)} }

@INPROCEEDINGS{pbblas,
      AUTHOR = {Choi, J. and Dongarra, J. and Walker, D.},
      TITLE = {{PB-BLAS}: A Set of Parallel Block Basic Linear Algebra
              Subroutines},
      BOOKTITLE = {Proceedings of the Scalable High Performance Computing
                   Conference},
      PUBLISHER = {{IEEE} {C}omputer {S}ociety {P}ress},
      YEAR = {1994},
      ADDRESS = {Knoxville, TN},
      PAGES = {534--541}  }

@ARTICLE{lawn57,
      AUTHOR = {Choi, J. and Dongarra, J. and Walker, D.},
      TITLE = {{PUMMA}: Parallel Universal Matrix Multiplication Algorithms
              on Distributed Memory Concurrent Computers},
      JOURNAL = {Concurrency: Practice and Experience},
      VOLUME = {6},
      NUMBER = {7},
      YEAR = {1994},
      PAGES = {543--570},
      NOTE = {(Also LAPACK Working Note \#57)} }

@ARTICLE{lawn92,
      AUTHOR = {Choi, J. and Dongarra, J. and Walker, D.},
      TITLE = {The Design of a Parallel Dense Linear Algebra Software Library:
              Reduction to {Hessenberg}, Tridiagonal and Bidiagonal Form},
      JOURNAL = {Numerical Algorithms},
      VOLUME = {10},
      YEAR = {1995},
      PAGES = {379--399},
      NOTE = {(Also LAPACK Working Note \#92)} }

@TECHREPORT{kechu,
      AUTHOR = {K. E. Chu},
      TITLE = {Exclusion Theorems and the Perturbation Analysis of the
               Generalized Eigenproblem},
      INSTITUTION ={University of Reading},
      ADDRESS = {Reading, England},
      TYPE = {Mathematics Dept. Numerical Analysis Report},
      NUMBER = {NA/11/85},
      YEAR = {1985} }

@ARTICLE{coxhigham,
      AUTHOR = {Cox, A. J. and Higham, N. J.},
      TITLE = {Backward error bounds for constrained least squares problems},
      JOURNAL = {BIT},
      VOLUME = {39},
      NUMBER = {2},
      YEAR = {1999},
      PAGES = {210--227} }

@ARTICLE{crawford,
      AUTHOR = {Crawford, C. R.},
      TITLE = {Reduction of a Band-Symmetric Generalized Eigenvalue Problem},
      JOURNAL = {Comm. {ACM}},
      VOLUME = {16},
      YEAR = {1973},
      PAGES = {41--44} }

@ARTICLE{cuppen,
      AUTHOR = {Cuppen, J. J. M.},
      TITLE = {A Divide and Conquer Method for the Symmetric Tridiagonal
              Eigenproblem},
      JOURNAL = {Numer. Math.},
      VOLUME = {36},
      YEAR = {1981},
      PAGES = {177--195} }


@ARTICLE{daviskahan,
      AUTHOR = {Davis, C. and Kahan, W.},
      TITLE = {The Rotation of Eigenvectors by a Perturbation {III}},
      JOURNAL = {{SIAM} J. Numer. Anal.},
      YEAR = {1970},
      VOLUME = {7},
      PAGES = {248--263}   }

@ARTICLE{dekker,
      AUTHOR = {Dekker, T.},
      TITLE = {A Floating Point Technique for Extending the Available 
               Precision},
      JOURNAL = {Num. Math.},
      YEAR = {1971},
      VOLUME = {18},
      PAGES = {224--242}   }

@ARTICLE{DKW,
      AUTHOR = {Davis, C. and Kahan, W. and Weinberger, H. F.},
      TITLE = {Norm Preserving Dilations and their Applications to Optimal
               Error Bounds},
      JOURNAL = {{SIAM} J. Numer. Anal.},
      YEAR = {1982},
      VOLUME = {19},
      NUMBER = {3},
      PAGES = {445--469}   }

@ARTICLE{deiftDemmellitomei,
      AUTHOR = {Deift, P. and Demmel, J. and Li, L.-C. and Tomei, C.},
      TITLE = {The Bidiagonal Singular Value Decomposition and {H}amiltonian
               Mechanics},
      JOURNAL = {{SIAM} J. Numer. Anal.},
      YEAR = {1991},
      VOLUME = {28},
      NUMBER = {5},
      MONTH = {October},
      NOTE = {(Also LAPACK Working Note \#11)},
      PAGES = {1463--1516} }

@ARTICLE{Demmelkahan,
      AUTHOR = {Demmel, J. and Kahan, W.},
      TITLE = {Accurate Singular Values of Bidiagonal Matrices},
      YEAR = {1990},
      MONTH = {September},
      JOURNAL = {{SIAM} J. Sci. Stat. Comput.},
      VOLUME = {11},
      NUMBER = {5},
      PAGES = {873--912},
      NOTE = {(Also LAPACK Working Note \#3)} }

@ARTICLE{Demmelli93,
      AUTHOR = {Demmel, J. and Li, X.},
      TITLE = {Faster Numerical Algorithms via Exception Handling},
      YEAR = {1994},
      JOURNAL = {{IEEE} Trans. Comp.},
      VOLUME = {43},
      PAGES = {983--992},
      NOTE = {(Also LAPACK Working Note \#59)} }

@INPROCEEDINGS{Demmelstanley,
      AUTHOR = {Demmel, J. and Stanley, K.},
      TITLE = {The Performance of Finding Eigenvalues and Eigenvectors
               of Dense Symmetric Matrices on Distributed Memory Computers},
      BOOKTITLE = {Proceedings of the Seventh SIAM Conference on Parallel
                   Processing for Scientific Computing},
      PUBLISHER = {Society for Industrial and Applied Mathematics},
      ADDRESS = {Philadelphia, PA},
      YEAR = {1994} }

@ARTICLE{Demmelveselic,
      AUTHOR = {Demmel, J. and Veseli\'{c}, K.},
      TITLE = {Jacobi's Method is More Accurate than {QR}},
      JOURNAL = {{SIAM} J. Matrix Anal. Appl.},
      VOLUME = {13},
      YEAR = {1992},
      PAGES = {1204--1246},
      NOTE = {(Also LAPACK Working Note \#15)} }

@ARTICLE{demoorvandooren92,
      AUTHOR = {De Moor, B. and Van Dooren, P.},
      TITLE = {Generalization of the Singular Value and {QR} Decompositions},
      JOURNAL = {{SIAM} J. Matrix Anal. Appl.},
      VOLUME = {13},
      YEAR = {1992},
      PAGES = {993--1014} }

@TECHREPORT{Demmelkagstrom84,
      AUTHOR = {Demmel, J. and K{\aa}gstr\"{o}m, B.},
      TITLE = {Stable Eigendecompositions of Matrix Pencils {$A- \lambda B$}},
      INSTITUTION = {University of Ume\aa },
      ADDRESS = {Ume\aa , Sweden},
      YEAR = {1984},
      TYPE = {Institute of Information Processing Report},
      NUMBER = {UMINF-118.84} }

@INCOLLECTION{Demmelkagstrom86,
      AUTHOR = {Demmel, J. and K{\aa}gstr\"{o}m, B.},
      TITLE = {Stably Computing the Kronecker Structure and Reducing Subspaces
               of Singular Pencils {$A- \lambda B$} for Uncertain Data},
      BOOKTITLE = {Large Scale Eigenvalue Problems},
      EDITOR = {Jane Cullum and Ralph A. Willoughby},
      PUBLISHER = {North-Holland},
      ADDRESS = {Amsterdam},
      NOTE = {Mathematics Studies Series Vol. 127,
              Proceedings of the IBM Institute Workshop on Large Scale 
              Eigenvalue Problems, July 8-12, 1985, Oberlech, Austria},
      YEAR = {1986} }

@ARTICLE{Demmel1,
      AUTHOR = {Demmel, J.},
      TITLE = {Computing Stable Eigendecompositions of Matrices},
      JOURNAL ={Lin. Alg. Applic.},
      YEAR = {1986},
      VOLUME = {79},
      PAGES = {163--193} }

@ARTICLE{Demmelkagstrom87,
      AUTHOR = {Demmel, J. and K{\aa}gstr\"{o}m, B.},
      TITLE = {Computing Stable Eigendecompositions of Matrix Pencils},
      JOURNAL ={Lin. Alg. Applic.},
      YEAR = {1987},
      VOLUME = {88/89},
      PAGES = {139--186},
      MONTH = {April}  }

@ARTICLE{Demmelkagstrom88,
      AUTHOR = {Demmel, J. and K{\aa}gstr\"{o}m, B.},
      TITLE = {Accurate Solutions of Ill-posed Problems in Control Theory},
      JOURNAL ={{SIAM} J. Mat. Anal. Appl.},
      YEAR = {1988},
      VOLUME = {9},
      NUMBER = {1},
      PAGES = {126--145},
      MONTH = {January}  }

@ARTICLE{Demmelkagstrom93a,
      AUTHOR = {J.~W. Demmel and B. K{\aa}gstr\"{o}m},
      TITLE = {The generalized {S}chur decomposition of an arbitrary pencil
              {$A - \lambda B$}: robust software with error bounds and
               applications, Part {I}: Theory and Algorithms},
      JOURNAL ={{ACM} Trans. Math. Softw.},
      YEAR = {1993},
      VOLUME = {19},
      PAGES = {160-174} }

@ARTICLE{Demmelkagstrom93b,
      AUTHOR = {J.~W. Demmel and B. K{\aa}gstr\"{o}m},
      TITLE = {The generalized {S}chur decomposition of an arbitrary pencil
              {$A - \lambda B$}: robust software with error bounds and
               applications, Part {II}: Software and Applications},
      JOURNAL ={{ACM} Trans. Math. Softw.},
      YEAR = {1993},
      VOLUME = {19},
      PAGES = {175-201} }

@ARTICLE{Demmel83,
      AUTHOR = {Demmel, J.},
      TITLE = {The Condition Number of Equivalence Transformations that Block
               Diagonalize Matrix Pencils},
      JOURNAL ={{SIAM} J. Numer. Anal.},
      YEAR = {1983},
      VOLUME = {20},
      NUMBER = {3},
      PAGES = {599-610},
      MONTH = {June}  }

@ARTICLE{Demmel84,
      AUTHOR = {Demmel, J.},
      TITLE = {Underflow and the Reliability of Numerical Software},
      JOURNAL ={{SIAM} J. Sci. Stat. Comput.},
      YEAR = {1984},
      VOLUME = {5},
      NUMBER = {4},
      PAGES = {887-919},
      MONTH = {Dec}  }

@ARTICLE{Demmel2,
      AUTHOR = {Demmel, J.},
      TITLE = {On Condition Numbers and the Distance to the Nearest Ill-posed
               Problem},
      JOURNAL ={Num. Math.},
      YEAR = {1987},
      VOLUME = {51},
      NUMBER = {3},
      PAGES = {251--289},
      MONTH = {July}  }

@ARTICLE{Demmel87b,
      AUTHOR = {Demmel, J.},
      TITLE = {The Smallest Perturbation of a Submatrix which Lowers the Rank 
               and Constrained Total Least Squares Problems},
      JOURNAL ={{SIAM} J. Numer. Anal.},
      YEAR = {1987},
      VOLUME = {24},
      NUMBER = {1},
      PAGES = {199--206},
      MONTH = {Feb}  }

@ARTICLE{Demmel87c,
      AUTHOR = {Demmel, J.},
      TITLE = {Three Methods for Refining Estimates of Invariant Subspaces},
      JOURNAL ={Computing},
      YEAR = {1987},
      VOLUME = {38},
      PAGES = {43--57}}

@INPROCEEDINGS{Demmel88,
      AUTHOR = {Demmel, J.},
      TITLE = {On Structured Singular Values},
      BOOKTITLE ={Proceedings of the 27th Conference on Decision and
                  Control},
      ORGANIZATION = {{IEEE}},
      YEAR = {1988},
      MONTH = {Dec},
      ADDRESS = {Austin, TX}}

@ARTICLE{Demmel88b,
      AUTHOR = {Demmel, J.},
      TITLE = {The Probability that a Numerical Analysis Problem is Difficult},
      JOURNAL ={Math. Comput.},
      YEAR = {1988},
      VOLUME = {50},
      NUMBER = {182},
      MONTH = {April},
      PAGES = {449-480}}

@INPROCEEDINGS{Demmel89,
      AUTHOR = {Demmel, J.},
      TITLE = {{LAPACK}: A Portable Linear Algebra Library for
               Supercomputers},
      BOOKTITLE ={Proceedings of the 1989 IEEE Control Systems 
                  Society Workshop on Computer-Aided Control 
                  System Design},
      ORGANIZATION = {{IEEE}},
      YEAR = {1989},
      MONTH = {Dec},
      ADDRESS = {Tampa, FL}}

@INPROCEEDINGS{DDHOS:IEEEC:96,
   AUTHOR       = {Demmel, J. and Dongarra, J. and Hammarling, S. and
                  Ostrouchov, S. and Stanley, K.},
   TITLE        = {The Dangers of Heterogeneous Network Computing:
                   Heterogenous Networks Considered Harmful},
   BOOKTITLE    = {Proceedings Heterogeneous Computing Workshop '96},
   PAGES        = {64--71},
   PUBLISHER    = {IEEE Computer Society Press},
   YEAR         = {1996} }

@ARTICLE{dongarra95a,
      AUTHOR  = {J. Dongarra and D. Walker},
      TITLE   = {Software Libraries for Linear Algebra Computations
                on High Performance Computers},
      JOURNAL = {{SIAM} Review},
      YEAR    = {1995},
      VOLUME  = {37},
      NUMBER  = {2},
      PAGES   = {151--180} }

@ARTICLE{Demmeldhillonren,
      AUTHOR = {Demmel, J. and Dhillon, I. S. and Ren, H.},
      TITLE = {On the Correctness of Some Bisection-Like Parallel
               Eigenvalue Algorithms in Floating Point Arithmetic},
      JOURNAL = {Electronic Transactions on Numerical Analysis},
      VOLUME = {3},
      PAGES = {116--149},
      YEAR = {1995},
      NOTE = {(Also {UCB} {T}echical {R}eport {UCB}//{CSD}-94-805)} }

@ARTICLE{dhillonparlett97,
        AUTHOR = {Dhillon, I. S. and Parlett, B.N.},
        TITLE = {Orthogonal Eigenvectors without {G}ram-{S}chmidt},
        NOTE = {draft},
        YEAR = {1997} }

@MISC{dhillon97_1,
        AUTHOR = {Dhillon, I. S.},
        TITLE = {Current inverse iteration software can fail},
        NOTE = {Submitted for publication},
        YEAR = {1997} }
 
@PHDTHESIS{dhillonthesis,
      AUTHOR = {Dhillon, I. S.},
      TITLE = {A Stable ${O}(n^2)$ Algorithm for the Symmetric Tridiagonal
               Eigenproblem},
      SCHOOL = {University of California},
      ADDRESS = {Berkeley, CA},
      MONTH = {May},
      YEAR = {1997}}

@TECHREPORT{holygrail,
      AUTHOR = {Dhillon, I. S.},
      TITLE = {A new ${O}(n^2)$ algorithm for the symmetric tridiagonal
               eigenvalue/eigenvector problem},
      INSTITUTION = {University of California},
      YEAR = {1997},
      TYPE = {{C}omputer {S}cience {D}ivision {T}echnical {R}eport No. {UCB/CSD}-97-971},
      MONTH = {May},
      ADDRESS = {Berkeley, CA} }

@ARTICLE{elden,
      AUTHOR = {Eld\'{e}n, L.},
      TITLE = {Perturbation Theory for the Least Squares Problem
               with Linear Equality Constraints},
      JOURNAL ={{SIAM} J. Numer. Anal.},
      YEAR = {1980},
      VOLUME = {17},
      NUMBER = {3},
      PAGES = {338--350} }

@ARTICLE{higham90b,
      AUTHOR = {Higham, N. J.},
      TITLE = {Exploiting Fast Matrix Multiplication within the 
               {L}evel 3 {BLAS}},
      JOURNAL ={{ACM} Trans. Math. Softw.},
      YEAR = {1990},
      VOLUME = {16},
      PAGES = {352--368} }

@ARTICLE{derijk,
      AUTHOR = {de Rijk, P. P. M.},
      TITLE = {A One-Sided {J}acobi Algorithm for Computing the
               Singular Value Decomposition on a Vector Computer},
      JOURNAL ={{SIAM} J. Sci. Stat. Comput.},
      YEAR = {1989},
      VOLUME = {10},
      NUMBER = {2},
      MONTH = {March},
      PAGES = {359--371} }

@ARTICLE{dixon,
      AUTHOR = {Dixon, J. D.},
      TITLE = {Estimating Extremal Eigenvalues and Condition Numbers of
               Matrices},
      JOURNAL ={{SIAM} J. Numer. Anal.},
      YEAR = {1983},
      VOLUME = {20},
      PAGES = {812--814} }

@BOOK{dongarraetal1,
      AUTHOR = {Dongarra, J. and Duff, Iain S. and Sorensen, D. C. and
                Van der Vorst, H. A.},
      TITLE = {Solving Linear Systems on Vector and Shared Memory
               Computers},
      PUBLISHER = {SIAM},
      ADDRESS = {Philadelphia, PA},
      YEAR = {1991},
      ISBN = {0-89871-270-X (paperback)} }

@BOOK{dongarraetal2,
      AUTHOR = {Dongarra, J. and Duff, Iain S. and Sorensen, D. C. and
                Van der Vorst, H. A.},
      TITLE = {Numerical Linear Algebra for High-Performance Computers},
      PUBLISHER = {SIAM},
      ADDRESS = {Philadelphia, PA},
      YEAR = {1998},
      ISBN = {0-89871-428-1 (paperback)} }

%TECHREPORT{lawn110,
%     AUTHOR      = "J. Dongarra and S. Hammarling and D. Walker",
%     TITLE       = "{Key Concepts For Parallel Out-Of-Core LU Factorization}",
%     NUMBER      = "UT CS-96-324, {LAPACK} {W}orking {N}ote \#110",
%     INSTITUTION = "University of Tennessee",
%     YEAR        = "1996" }
 
@INBOOK{lawn110,
      AUTHOR      = {J. Dongarra and S. Hammarling and D. Walker},
      TITLE       = {Key Concepts for Parallel Out-Of-Core LU Factorization},
      EDITORS     = {J. Dongarra and B. Tourancheau},
      BOOKTITLE   = {Environments and Tools for Parallel Scientific
                    Computing {III}},
      PUBLISHER   = {Society for Industrial and Applied Mathematics},
      ADDRESS     = {Philadelphia, PA},
      NOTE        = {(Also {LAPACK} Working Note \#110)},
      YEAR        = {1996} }
 
@TECHREPORT{lawn118,
      AUTHOR = {J. Dongarra and E. F. D'Azevedo},
      TITLE = {The Design and Implementation of the Parallel Out-of-core
               {ScaLAPACK} {LU}, {QR}, and {Cholesky} Factorization Routines},
      INSTITUTION = {University of Tennessee},
      ADDRESS = {Knoxville, TN},
      TYPE = {{D}epartment of {C}omputer {S}cience {T}echnical {R}eport},
      NUMBER = {CS-97-347},
      YEAR = {1997},
      NOTE = {(Also LAPACK Working Note \#118)}  }

@TECHREPORT{pozo,
      AUTHOR = {Dongarra, J. and Pozo, R. and Walker, D.},
      TITLE = {An Object Oriented Design for High Performance Linear
               Algebra on Distributed Memory Architectures},
      INSTITUTION = {University of Tennessee},
      YEAR = {1993},
      TYPE = {{C}omputer {S}cience {D}ept. {T}echnical {R}eport},
      ADDRESS = {Knoxville, TN},
      NUMBER = {CS-93-200},
      NOTE = {(Also 
































































































































































)} }

@TECHREPORT{lawn37,
      AUTHOR = {Dongarra, J. and van de Geijn, R.},
      TITLE = {Two dimensional Basic Linear Algebra Communication
              Subprograms},
      INSTITUTION = {University of Tennessee},
      YEAR = {1991},
      TYPE = {{C}omputer {S}cience {D}ept. {T}echnical {R}eport},
      ADDRESS = {Knoxville, TN},
      NUMBER = {CS-91-138},
      NOTE = {(Also LAPACK Working Note \#37)} }

@ARTICLE{lawn43,
      AUTHOR = {Dongarra, J. and van de Geijn, R. and Walker, D.},
      TITLE = {Scalability Issues in the Design of a Library for Dense
              Linear Algebra},
      JOURNAL = {Journal of Parallel and Distributed Computing},
      VOLUME = {22},
      NUMBER = {3},
      PAGES = {523--537},
      YEAR = {1994},
      NOTE = {(Also LAPACK Working Note \#43)} }

@INPROCEEDINGS{blacs,
      AUTHOR = {Dongarra, J. and van~de Geijn, R. and Whaley, R. C.},
      TITLE = {Two dimensional Basic Linear Algebra Communication Subprograms},
      BOOKTITLE ={Environments and Tools for Parallel Scientific
                  Computing, Advances in Parallel Computing},
      PUBLISHER = {Elsevier Science Publishers B.V.},
      EDITOR = {J. Dongarra and B. Tourancheau},
      VOLUME = {6},
      PAGES = {31--40},
      YEAR = {1993} }

@TECHREPORT{lawn94,
      AUTHOR = {Dongarra, J. and Whaley, R. C.},
      TITLE = {A User's Guide to the {BLACS} v1.1},
      INSTITUTION = {University of Tennessee},
      YEAR = {1995},
      TYPE = {{C}omputer {S}cience {D}ept. {T}echnical {R}eport},
      ADDRESS = {Knoxville, TN},
      NUMBER = {CS-95-281},
      NOTE = {(Also LAPACK Working Note \#94)} }

@TECHREPORT{dongarrasidani,
      AUTHOR = {Dongarra, J. and Sidani, M.},
      TITLE = {A Parallel Algorithm for the Non-Symmetric Eigenvalue Problem},
      INSTITUTION = {University of Tennessee},
      YEAR = {1991},
      TYPE = {{C}omputer {S}cience {D}ept. {T}echnical {R}eport},
      ADDRESS = {Knoxville, TN},
      NUMBER = {CS-91-137}    }

@ARTICLE{dongarrasorensen,
      AUTHOR = {Dongarra, J. and Sorensen, D.},
      TITLE = {A Fully Parallel Algorithm for the Symmetric Eigenproblem},
      JOURNAL ={{SIAM} J. Sci. Stat. Comput.},
      YEAR = {1987},
      VOLUME = {8},
      NUMBER = {2},
      MONTH = {March},
      PAGES = {139--154} }

@ARTICLE{doyle,
      AUTHOR = {Doyle, J. C.},
      TITLE = {Analysis of Feedback Systems with Structured Uncertainties},
      JOURNAL ={Proceedings of the IEE},
      YEAR = {1982},
      VOLUME = {129},
      NUMBER = {6},
      MONTH = {Nov.},
      PAGES = {242--250} }

@INPROCEEDINGS{ducroz87,
      AUTHOR = {Du Croz, J. and Pont, M.},
      TITLE = {The Development of a Floating-Point Validation Package},
      BOOKTITLE ={Proceedings of the 8th Symposium on Computer Arithmetic},
      PUBLISHER = {{IEEE} Computer Society Press},
      EDITOR = {M. J. Irwin and R. Stefanelli},
      YEAR = {1987},
      ADDRESS = {Como, Italy},
      MONTH = {May 19-21} }

@ARTICLE{edelman88,
      AUTHOR = {Edelman, A.},
      TITLE = {Eigenvalues and Condition Numbers of Random Matrices},
      JOURNAL ={{SIAM} J. on Mat. Anal. Appl.},
      YEAR = {1988},
      VOLUME = {9},
      NUMBER = {4},
      MONTH = {October},
      PAGES = {543--560} }

@MISC{edelman90,
      AUTHOR = {Edelman, A.},
      TITLE = {On the Distribution of a Scaled Condition Number},
      NOTE = {Math. Comput., to appear} }

@BOOK{Smith76,
      AUTHOR = {Smith, B. T. and Boyle, J. M. and Dongarra, J. and
                Garbow, B. S. and Ikebe, Y. and Klema, V. C. and Moler, C. B.},
      TITLE = {Matrix Eigensystem Routines -- {EISPACK} Guide},
      SERIES = {Lecture Notes in Computer Science},
      VOLUME = {6},
      PUBLISHER = {Springer-Verlag},
      YEAR = {1976},
      ADDRESS = {Berlin}   }

@TECHREPORT{ugpetsc,
      AUTHOR = {Smith, B. and Gropp, W. and Curfman McInnes, L.},
      TITLE = {{PETSc} 2.0 Users Manual},
      INSTITUTION = {Argonne National Laboratory},
      YEAR = {1995},
      TYPE = {{T}echnical {R}eport {ANL}-95/11},
      ADDRESS = {Argonne, IL},
      NOTE = {(Available by anonymous ftp from {\tt ftp.mcs.anl.gov})} }

@BOOK{Garbow77,
      AUTHOR = { Garbow, B. S. and Boyle, J. M. and Dongarra, J. and 
                 Moler, C. B.},
      TITLE = {Matrix Eigensystem Routines -- {EISPACK} Guide Extension},
      SERIES = {Lecture Notes in Computer Science},
      VOLUME = {51},
      PUBLISHER = {Springer-Verlag},
      YEAR = {1977},
      ADDRESS = {Berlin}   }

@ARTICLE{fantits1,
      AUTHOR = {Fan, M. and Tits, A.},
      TITLE = {Characterization and Efficient Computation of the 
               Structured Singular Value},
      JOURNAL = {IEEE Trans. Auto. Cntl.},
      VOLUME = {AC-31},
      YEAR = {1986},
      NUMBER = {8},
      PAGES = {734--743}   }

@BOOK{federer,
      AUTHOR = {Federer, H.},
      TITLE = {Geometric Measure Theory},
      PUBLISHER = {Springer-Verlag},
      YEAR = {1969}}

@TECHREPORT{fortranD1,
      AUTHOR = {Fox, G. and Hiranandani, S. and Kennedy, K. and Koelbel, C.
                and Kremer, U. and Tseng, C.-W. and Wu, M.-Y.},
      TITLE = {Fortran {D} Language Specification},
      INSTITUTION = {Rice University},
      YEAR = {1990},
      TYPE = {Computer Science Department Report},
      MONTH = {December},
      ADDRESS = {Houston, TX},
      NUMBER = {CRPC-TR90079}    }

@BOOK{FP:92,
   AUTHOR    = {Freeman, T. L. and Phillips, C.},
   TITLE     = {Parallel Numerical Algorithms},
   PUBLISHER = {Prentice-Hall},
   ADDRESS   = {Hemel Hempstead, Hertfordshire, UK},
   YEAR      = {1992},
   ISBN      = {0-13-651597-5} }

@INCOLLECTION{fortranD3,
      AUTHOR = {Hiranandani, S. and  Kennedy, K, and Tseng, C.},
      TITLE = {Compiler Support for Machine-Independent Parallel Programming 
               in {F}ortran {D}}, 
      BOOKTITLE = {Compilers and Runtime Software for Scalable Multiprocessors},
      EDITOR = {J. Saltz and P. Mehrotra},
      PUBLISHER = {Elsevier},
      ADDRESS = {Amsterdam}, 
      YEAR = {1991},
      NOTE = {Available as Computer Science Technical Report 91-149, 
              Rice University, March 1991} }

@TECHREPORT{fortranD2,
      AUTHOR = {Hiranandani, S. and Kennedy, K. and Koelbel, C.
                and Kremer, U. and Tseng, C.-W.},
      TITLE = {An Overview of the {F}ortran {D} Programming System},
      INSTITUTION = {Rice University},
      YEAR = {1991},
      TYPE = {Computer Science Department Report},
      MONTH = {March},
      ADDRESS = {Houston, TX},
      NUMBER = {COMP TR91-154}    }

@ARTICLE{gallivanetal,
      AUTHOR = {Gallivan, K. A. and Plemmons, R. J. and Sameh, A. H.},
      TITLE = {Parallel Algorithms for Dense Linear Algebra Computations},
      JOURNAL = {{SIAM} Review},
      YEAR = {1990},
      VOLUME = {32},
      PAGES = {54--135}   }

@BOOK{gantmacher,
      AUTHOR = {Gantmacher, F.},
      TITLE = {The {T}heory of {M}atrices, vol. {II} (transl.)},
      PUBLISHER = {Chelsea},
      ADDRESS = {New York},
      YEAR = {1959} }

@BOOK{gareyjohnson,
      AUTHOR = {Garey, M. and Johnson, D.},
      TITLE = {Computers and Intractability},
      PUBLISHER = {W. H. Freeman},
      YEAR = {1979},
      ADDRESS = {San Francisco}   }

@BOOK{pvm,
     AUTHOR = {Geist, A. and Beguelin, A. and Dongarra, J. and Jiang, W.
              and Manchek, R. and Sunderam, V.},
     TITLE = {{PVM}: Parallel Virtual Machine. A Users' Guide and
             Tutorial for Networked Parallel Computing},
     PUBLISHER = {{MIT} Press},
     YEAR = {1994},
     ADDRESS = {Cambridge, MA},
     ISBN = {0-262-57108-0 (paperback)} }

@TECHREPORT{PICL,
      AUTHOR = {Geist, G. A. and Heath, M. T. and Peyton, B. W. and
                Worley, P. H.},
      TITLE = {A Users' Guide to {PICL}: a Portable Instrumented
               Communication Library},
      INSTITUTION = {Oak Ridge National Laboratory},
      YEAR = {1990},
      TYPE = {{T}echnical {R}eport},
      ADDRESS = {Oak Ridge, TN},
      NUMBER = {ORNL/TM-11130}    }

@ARTICLE{golubkahan,
      AUTHOR = {Golub, G. and Kahan, W.},
      TITLE = {Calculating the Singular Values and Pseudo-inverse of a Matrix},
      JOURNAL = {{SIAM} J. Num. Anal. (Series B)},
      YEAR = {1965},
      VOLUME = {2},
      NUMBER = {2},
      PAGES = {205--224}   }

@ARTICLE{golub2,
      AUTHOR = {Golub, G. and Nash, S. and Van Loan, C. F.},
      TITLE = {A Hessenberg-Schur Method for the Matrix Problem $AX+XB=C$},
      JOURNAL = {{IEEE} {T}rans. {A}uto. {C}ntl.},
      YEAR = {1979},
      VOLUME = {AC-24},
      PAGES = {909--913}   }

@ARTICLE{golubreinsch,
      AUTHOR = {Golub, G. and Reinsch, C.},
      TITLE = {Singular Value Decomposition and Least Squares Solutions},
      JOURNAL = {Num. Math.},
      YEAR = {1970},
      VOLUME = {14},
      PAGES = {403--420}   }

@BOOK{GVL2,
      AUTHOR = {Golub, G. and Van Loan, C. F.},
      TITLE = {Matrix Computations},
      PUBLISHER = {Johns Hopkins University Press},
      EDITION = {Fourth},
      YEAR = {2013},
      ADDRESS = {Baltimore, MD},
      ISBN = {0-8018-5413-X (hardback), 0-8018-5414-8 (paperback)} }

@ARTICLE{golub1,
      AUTHOR = {Golub, G. and Wilkinson, J. H.},
      TITLE = {Ill-conditioned Eigensystems and the Computation of the {J}ordan
               Canonical Form},
      JOURNAL = {SIAM Review},
      YEAR = {1976},
      VOLUME = {18},
      NUMBER = {4},
      PAGES = {578--619} }

@ARTICLE{gray1,
      AUTHOR = {Gray, A.},
      TITLE = {An Estimate for the Volume of a Tube about a
               Complex Hypersurface},
      JOURNAL = {Tensor, N. S.},
      YEAR = {1982},
      VOLUME = {39},
      PAGES = {303--305}   }

@ARTICLE{gray2,
      AUTHOR = {Gray, A.},
      TITLE = {Comparison Theorems for the Volumes of Tubes as Generalizations
               of the Weyl Tube Formula},
      JOURNAL = {Topology},
      YEAR = {1982},
      VOLUME = {21},
      NUMBER = {2},
      PAGES = {201--228}   }

@ARTICLE{griffiths,
      AUTHOR = {Griffiths, P. A.},
      TITLE = {Complex Differential and Integral
               Geometry and Curvature Integrals Associated to Singularities of
               Complex Analytic Varieties},
      JOURNAL = {Duke Math. J.},
      YEAR = {1978},
      VOLUME = {45},
      NUMBER = {3},
      PAGES = {427--512}   }

@ARTICLE{hager84,
      AUTHOR = {Hager, W. W.},
      TITLE = {Condition Estimates},
      JOURNAL = {{SIAM} J. Sci. Stat. Comput.},
      YEAR = {1984},
      VOLUME = {5},
      PAGES = {311--316}   }

@UNPUBLISHED{hammarlingetal81,
      AUTHOR = {Hammarling, S. and Kenward, P. and Symm, H. and 
                Wilkinson, J. H.},
      TITLE = {Subroutine {UKGE3R/D} in the {LASLIB} Library},
      NOTE = {manuscript},
      YEAR = {1981} }

@INCOLLECTION{hammarling86,
      AUTHOR = {Hammarling, S.},
      TITLE = {The numerical solution of the  general {G}auss-{M}arkov
               linear model},
      BOOKTITLE = {Mathematics in Signal Processing},
      EDITOR = {Durani, T. S. {\em et al.}},
      PUBLISHER = {Clarendon Press},
      ADDRESS = {Oxford, UK},
      YEAR = {1986} }

@ARTICLE{blas0,
      AUTHOR = {Hanson, R. and Krogh, F. and Lawson, C.},
      TITLE = {A Proposal for Standard Linear Algebra Subprograms},
      JOURNAL = {{ACM SIGNUM} Newsl.},
      YEAR = {1973},
      VOLUME = {8},
      NUMBER = {16} }

@ARTICLE{hariveselic87,
      AUTHOR = {Hari, V. and Veseli\'{c}, K.},
      TITLE = {On Jacobi methods for singular value decompositions},
      JOURNAL = {{SIAM} J. Sci. Stat. Comput.},
      VOLUME = {8},
      PAGES = {741--754},
      YEAR = {1987} }

@ARTICLE{hendrickson94a,
      AUTHOR  = {B. Hendrickson and D. Womble},
      TITLE   = {The Torus--wrap Mapping for Dense Matrix Calculations
                on Massively Parallel Computers},
      JOURNAL = {{SIAM} J. Sci. Stat. Comput.},
      VOLUME  = {15},
      NUMBER  = {5},
      MONTH   = {September},
      PAGES   = {1201--1226},
      YEAR    = {1994} }

@ARTICLE{hariveselic90,
      AUTHOR = {Veseli\'{c}, K. and Hari, V.},
      TITLE = {A Note on a One-Sided Jacobi Algorithm},
      JOURNAL = {Num. Math.},
      VOLUME = {56},
      PAGES = {627--633},
      YEAR = {1990} }

@INCOLLECTION{higham90c,
      AUTHOR = {Higham, N. J.},
      TITLE = {Analysis of the Cholesky Decomposition of a Semi-Definite 
               Matrix},
      BOOKTITLE = {Reliable Numerical Computation},
      PUBLISHER = {Clarendon Press, Oxford},
      EDITOR = {Cox, M. G. and Hammarling, S.},
      CHAPTER = {9},
      PAGES = {161--186},
      YEAR = {1990} }

@ARTICLE{higham90,
      AUTHOR = {Higham, N. J. },
      TITLE = {Experience with a Matrix Norm Estimator},
      JOURNAL = {{SIAM} J. Sci. Stat. Comput.},
      YEAR = {1990},
      VOLUME = {11},
      PAGES = {804--809}   }

@ARTICLE{higham3,
      AUTHOR = {Higham, N. J. },
      TITLE = {Efficient Algorithms for Computing the Condition Number 
               of a Tridiagonal Matrix},
      JOURNAL = {{SIAM} J. Sci. Stat. Comput.},
      YEAR = {1986},
      VOLUME = {7},
      PAGES = {150--165}   }

@ARTICLE{higham1,
      AUTHOR = {Higham, N. J. },
      TITLE = {A Survey of Condition Number Estimation for Triangular Matrices},
      JOURNAL = {{SIAM} Review},
      YEAR = {1987},
      VOLUME = {29},
      PAGES = {575--596}   }

@MISC{higham89a,
      AUTHOR = {Higham, N. J.},
      NOTE = {private communication},
      YEAR = {1990} }

@ARTICLE{nick2,
      AUTHOR = {Higham, N. J.},
      TITLE = {{FORTRAN} Codes for Estimating the One-norm of a
               Real or Complex Matrix, with Applications to Condition 
               Estimation},
      JOURNAL = {{ACM} Trans. Math. Softw.},
      YEAR = {1988},
      VOLUME = {14},
      PAGES = {381--396}   }

@ARTICLE{higham89,
      AUTHOR = {Higham, N. J.},
      TITLE = {Algorithm 674: {FORTRAN} Codes for Estimating the One-norm of a
               Real or Complex Matrix, with Applications to Condition 
               Estimation},
      JOURNAL = {{ACM} Trans. Math. Softw.},
      YEAR = {1989},
      VOLUME = {15},
      NUMBER = {2},
      PAGES = {168}   }

@ARTICLE{higham93,
      AUTHOR = {Higham, N. J.},
      TITLE = {Perturbation Theory and Backward Error for {$AX-XB=C$}},
      JOURNAL = {{BIT}},
      YEAR = {1993},
      VOLUME = {33},
      PAGES = {124--136}   }

@INPROCEEDINGS{rob2,
      AUTHOR = {Ho, Ching-Tien and Johnsson, S. Lennart},
      TITLE = {Distributed Routing Algorithms for Broadcasting and
               Personalized Communication in Hypercubes},
      BOOKTITLE ={Proceedings of the 1986 International Conference on
                  Parallel Processing},
      PUBLISHER = {{IEEE} Press},
      YEAR = {1986} }

@ARTICLE{hotelling,
      AUTHOR = {Hotelling, H.},
      TITLE = {Tubes and Spheres in N-spaces, and a Class of
               Statistical Problems},
      JOURNAL = {Amer. J. of Math.},
      YEAR = {1939},
      VOLUME = {61},
      PAGES = {440--460}   }

@MISC{hsu,
      AUTHOR = {Hsu, W. and Thanh Nguyen, G. and Jiang, X.},
      TITLE = {Going Beyond Binary},
      NOTE = {CS 258 Class Project;
              (http://www.cs.berkeley.edu/~xjiang/cs258/project\_1.html)},
      ADDRESS = {UCB, Berkeley, CA},
      YEAR = {1995}}

@ARTICLE{bimmer,
      AUTHOR = {Huss-Lederman, S. and Jacobson, E. and Tsao, A. and Zhang, G.},
      TITLE = {Matrix Multiplication on the Intel Touchstone {DELTA}},
      JOURNAL = {Concurrency: Practice and Experience},
      YEAR = {1994},
      VOLUME = {6},
      NUMBER = {7},
      PAGES = {571--594}   }

@INPROCEEDINGS{hussledermantsaozhang93,
      AUTHOR = {Huss-Lederman, S. and Tsao, A. and Zhang, G.},
      TITLE = {A Parallel Implementation of the Invariant Subspace
               Decomposition Algorithm for Dense Symmetric Matrices},
      BOOKTITLE ={Proceedings of the Sixth SIAM Conference on Parallel
                  Processing for Scientific Computing},
      PUBLISHER = {Society for Industrial and Applied Mathematics},
      PAGES = {367--374},
      YEAR = {1993} }

@ARTICLE{dnhigham90a,
      AUTHOR = {Higham, D. J. and Higham, N. J.},
      TITLE = {Backward Error and Condition of Structured Linear Systems},
      JOURNAL = {{SIAM} J. Mat. Anal. Appl.},
      YEAR = {1990},
      NOTE = {submitted} }

@MANUAL{ieee754,
      TITLE = {\mbox{IEEE~Standard~for~Binary~Floating~Point~Arithmetic}},
      ORGANIZATION = {{ANSI/IEEE}},
      EDITION = {{S}td 754-1985},
      ADDRESS = {New York},
      YEAR = {1985}   }

@MANUAL{ieee854,
      TITLE = {\mbox{IEEE~Standard~for~Radix~Independent~Floating~Point~Arithmetic}},
      ORGANIZATION = {{ANSI/IEEE}},
      EDITION = {{S}td 854-1987},
      ADDRESS = {New York},
      YEAR = {1987}   }

@MANUAL{IEEE:SDFOfSCIP,
      TITLE = {\mbox{IEEE~Standard~for~Shared-Data~Formats~Optimized~for~Scalable~Coherent~Interface~(SCI)~Processors}},
      ORGANIZATION = {{ANSI/IEEE}},
      EDITION = {{S}td 1596.5-1993},
      ADDRESS = {New York},
      YEAR = {1994}   }

@MISC{ibm1,
      AUTHOR  = "{IBM Corporation}",
      TITLE   = {{IBM} {RS6000}},
      YEAR    = {1996},
      NOTE    = "{ (URL = {\tt http://www.rs6000.ibm.com/})}" }
 
@MISC{intel,
      AUTHOR  = "{Intel Corporation}",
      TITLE   = "{Intel Supercomputer Technical Publications Home Page}",
      YEAR    = {1995},
      NOTE    = "{ (URL = {\tt http://www.ssd.intel.com/pubs.html})}" }

@TECHREPORT{jessupsorensen,
      AUTHOR = {Jessup, E. and Sorensen, D},
      TITLE = {A Parallel Algorithm for Computing the Singular Value 
               Decomposition of a Matrix},
      INSTITUTION = {Argonne National Laboratory},
      YEAR = {1987},
      TYPE = {Mathematics and Computer Science Division Report},
      MONTH = {December},
      ADDRESS = {Argonne, IL},
      NUMBER = {ANL/MCS-TM-102}    }

@INCOLLECTION{kagstrom83,
      AUTHOR = {K{\aa}gstr\"{o}m, B.},
      TITLE = {On Computing the Kronecker Canonical Form of Regular 
               {$A- \lambda B$} Pencils},
      BOOKTITLE = {Matrix Pencils},
      PUBLISHER = {Springer-Verlag},
      ADDRESS = {Berlin},
      EDITOR = {B. K{\aa}gstr\"{o}m and A. Ruhe},
      NOTE = {Lecture Notes in Mathematics, vol. 973,
              Proceedings, Pite Havsbad, 1982},
      PAGES = {30--57},
      YEAR = {1983} }

@ARTICLE{kagstrom84,
      AUTHOR = {K{\aa}gstr\"{o}m, B.},
      TITLE = {The Generalized Singular Value Decomposition and the 
               General {$A- \lambda B$} Problem},
      JOURNAL = {BIT},
      VOLUME = {24},
      YEAR = {1984},
      PAGES = {568-583} }

@ARTICLE{kagstrom86,
      AUTHOR = {K{\aa}gstr\"{o}m, B.},
      TITLE = {{RGSVD} - An Algorithm for Computing the Kronecker Canonical
               Form and Reducing Subspaces of Singular Matrix Pencils
               {$A- \lambda B$}},
      JOURNAL = {{SIAM} J. Sci. Stat. Comput.},
      VOLUME = {7},
      NUMBER = {1},
      YEAR = {1986},
      PAGES = {185--211} }

@ARTICLE{kagstromruhe80,
      AUTHOR = {K{\aa}gstr\"{o}m, B. and Ruhe, A.},
      TITLE = {An Algorithm for the Numerical Computation of the 
               {J}ordan Normal Form of a Complex Matrix},
      JOURNAL = {{ACM} Trans. Math. Softw.},
      VOLUME = {6},
      NUMBER = {3},
      YEAR = {1980},
      PAGES = {389--419} }

@ARTICLE{kagstromruhe80a,
      AUTHOR = {K{\aa}gstr\"{o}m, B. and Ruhe, A.},
      TITLE = {Algorithm 560: An Algorithm for the Numerical Computation of 
               the {J}ordan Normal Form of a Complex Matrix [{F}2]},
      JOURNAL = {{ACM} Trans. Math. Softw.},
      VOLUME = {6},
      NUMBER = {3},
      YEAR = {1980},
      PAGES = {437--443} }

@INCOLLECTION{kagstrom93,
      AUTHOR = {B. K{\aa}gstr{\"{o}}m},
      TITLE = {A Direct Method for Reordering Eigenvalues in the Generalized
               Real {S}chur Form of a Regular Matrix Pair {$(A,B)$}},
      BOOKTITLE = {Linear Algebra for Large Scale and Real-Time Applications},
      PUBLISHER = {Kluwer Academic Publishers},
      PAGES = {195--218},
      YEAR = {1993} }
 
@ARTICLE{kagstrom94,
      AUTHOR = {B. K{\aa}gstr{\"{o}}m},
      TITLE = {A Perturbation Analysis of the Generalized {Sylvester} Equation
               {$(AR - LB, DR - LE) = (C, F)$}},
      JOURNAL ={{SIAM} J. Matrix Anal. Appl.},
      YEAR = {1994},
      VOLUME = {15},
      PAGES = {1045--1060} }

@ARTICLE{kagstromporomaa94a,
      AUTHOR      = {B. K{\aa}gstr\"{o}m and P. Poromaa},
      TITLE       = {Computing Eigenspaces with Specified Eigenvalues of a
                     Regular Matrix Pair $({A},{B})$ and Condition Estimation: 
                     Theory, Algorithms and Software},
      JOURNAL = {Numerical Algorithms},
      YEAR = {1996},
      VOLUME = {12},
      PAGES = {369--407},
      NOTE = {(Also LAPACK Working Note \#87)} }

@ARTICLE{kagstromporomaa93a,
      AUTHOR = {B. K{\aa}gstr{\"{o}}m and P. Poromaa},
      TITLE = {{LAPACK}-Style Algorithms and Software for Solving the
               Generalized {S}ylvester Equation and Estimating the Separation
               between Regular Matrix Pairs},
      JOURNAL ={{ACM} Trans. Math. Softw.},
      YEAR = {1996},
      VOLUME = {22},
      PAGES = {78--103},
      Note = {(Also LAPACK Working Note \#75}  }

@ARTICLE{kagstromwestin89,
      AUTHOR = {B. K{\aa}gstr{\"{o}}m and L. Westin},
      TITLE = {Generalized {S}chur methods with condition estimators for
               solving the generalized {S}ylvester equation},
      JOURNAL ={{IEEE} Trans. Autom. Contr.},
      YEAR = {1989},
      VOLUME = {34},
      PAGES = {745--751} }
 
@ARTICLE{kagstrom95b,
      AUTHOR      = {B. K{\aa}gstr\"{o}m and P. Ling and C. Van Loan},
      TITLE       = {{GEMM}-Based Level 3 {BLAS}: High-Performance Model
                    Implementations and Performance Evaluation Benchmark},
      JOURNAL ={{ACM} Trans. Math. Softw.},
      YEAR = {1998},
      VOLUME = {24},
      NUMBER = {3},
      PAGES = {268--302} }

@TECHREPORT{kahan,
      AUTHOR = {Kahan, W.},
      TITLE = {Conserving Confluence Curbs Ill-Condition},
      INSTITUTION = {University of California},
      YEAR = {1972},
      TYPE = {Computer Science Dept. Technical Report},
      MONTH = {August},
      ADDRESS = {Berkeley, CA},
      NUMBER = {6}    }

@TECHREPORT{kahan66,
      AUTHOR = {Kahan, W.},
      TITLE = {Accurate Eigenvalues of a Symmetric Tridiagonal Matrix},
      INSTITUTION = {Stanford University},
      YEAR = {1966 (revised June 1968)},
      TYPE = {Computer Science Dept. Technical Report},
      MONTH = {July},
      ADDRESS = {Stanford, CA},
      NUMBER = {CS41}    }

@MISC{kahan91,
      AUTHOR = {Kahan, W.},
      TITLE = {Analysis and Refutation of the {I}nternational {S}tandard
               {ISO/IEC} for {L}anguage {C}ompatible {A}rithmetic},
      YEAR = {1991},
      HOWPUBLISHED = {submitted to {SIGNUM} Newsletter} }

@TECHREPORT{kahan2,
      AUTHOR = {Kahan, W.},
      TITLE = {When to Neglect Offdiagonal Elements of
               Symmetric Tridiagonal Matrices},
      INSTITUTION = {Stanford University},
      YEAR = {1966},
      TYPE = {Computer Science Dept. Technical Report},
      MONTH = {July},
      ADDRESS = {Stanford, CA},
      NUMBER = {CS42}    }

@BOOK{kato,
      AUTHOR = {Kato, T.},
      TITLE = {Perturbation Theory for Linear Operators},
      PUBLISHER = {Springer-Verlag},
      YEAR = {1980},
      EDITION = {second},
      ADDRESS = {Berlin}   }

@ARTICLE{vbandr,
      AUTHOR = {Kaufman, L.},
      TITLE = {Banded Eigenvalue Solvers on Vector Machines},
      JOURNAL ={{ACM} Trans. Math. Softw.},
      YEAR = {1984},
      VOLUME = {10},
      PAGES = {73--86} }

@BOOK{hpf,
      AUTHOR = {Koebel, C. and Loveman, D. and Schreiber, R. and
                Steele, G. and Zosel, M.},
      TITLE = {The High Performance Fortran Handbook},
      PUBLISHER = {{MIT} Press},
      YEAR = {1994},
      ADDRESS = {Cambridge, Massachusetts},
      ISBN = {0-262-11185-3 (hardback), 0-262-61094-9 (paperback)} }

@BOOK{kumar94,
      AUTHOR = {Kumar, V. and Grama, A. and Gupta, A. and Karypsis, G.},
      TITLE = {{I}ntroduction to {P}arallel {C}omputing, {D}esign and
              {A}nalysis of {A}lgorithms}},
      PUBLISHER = {Benjamin/Cummings},
      YEAR = {1994} }

@TECHREPORT{kumar92,
      AUTHOR = {Kumar, V. and Gupta, A.},
      TITLE = {Analyzing {S}calability of {P}arallel {A}lgorithms and
              {A}rchitectures},
      INSTITUTION = {University of Minnesota},
      YEAR = {1992},
      MONTH = {November},
      TYPE = {Technical Report},
      NUMBER = {{TR} 91-18},
      ADDRESS = {Minneapolis, MN} }

@PHDTHESIS{kostlan,
      AUTHOR = {Kostlan, E.},
      TITLE = {Statistical Complexity of Numerical Linear Algebra},
      SCHOOL = {University of California},
      YEAR = {1985},
      ADDRESS = {Berkeley, CA} }

@ARTICLE{krein,
      AUTHOR = {krein},
      TITLE = {Something},
      JOURNAL ={Some Journal},
      YEAR = {19xx},
      VOLUME = {yy},
      NUMBER = {z}}

@MISC{kronecker,
      AUTHOR = {Kronecker, L.},
      TITLE = {Algebraische {R}eduction der {S}chaaren {B}ilinearer {F}ormen},
      HOWPUBLISHED ={S. B. Akad.},
      YEAR = {1890},
      NOTE = {pp. 763--776}}

@TECHREPORT{kucwoz,
      AUTHOR = {Kuczy\'{n}ski, J. and Wo\'{z}niakowski, H.},
      TITLE = {Estimating the largest eigenvalue by the power and {L}anczos
               algorithms with a random start},
      INSTITUTION = {Columbia University},
      YEAR = {1989},
      TYPE = {Computer Science Department},
      MONTH = {March},
      ADDRESS = {Argonne, IL} }

@INCOLLECTION{kublanovskaya83,
      AUTHOR = {Kublanovskaya, V.},
      TITLE = {An approach to solving the spectral problem of {$A- \lambda B$}},
      BOOKTITLE = {Matrix Pencils},
      PUBLISHER = {Springer-Verlag},
      ADDRESS = {Berlin},
      EDITOR = {B. K{\aa}gstr\"{o}m and A. Ruhe},
      NOTE = {Lecture Notes in Mathematics, vol. 973,
              Proceedings, Pite Havsbad, 1982},
      PAGES = {17--29},
      YEAR = {1983} }

@ARTICLE{kublanovskaya84,
      AUTHOR = {Kublanovskaya, V.},
      TITLE = {{AB}-algorithm and its modifications for the spectral problem
               of linear pencils of matrices},
      JOURNAL = {Num. Math.},
      VOLUME = {43},
      YEAR = {1984},
      PAGES = {329--342} }

@TECHREPORT{kublanovskaya88,
      AUTHOR = {Kublanovskaya, V. and Chazanov, V. B.},
      TITLE = {Spectral problems for matrix pencils: methods and algorithms,
               part {I} (in {R}ussian)},
      INSTITUTION = {USSR Academy of Sciences},
      ADDRESS = {Leningrad},
      TYPE = {Preprint},
      NUMBER = {LOMI P-2-88},
      YEAR = {1988} }

@TECHREPORT{lawn72,
      AUTHOR = {Lehoucq, R.},
      TITLE = {The computation of elementary unitary matrices},
      INSTITUTION = {University of Tennessee},
      ADDRESS = {Knoxville, TN},
      TYPE = {{C}omputer {S}cience {D}ept. {T}echnical {R}eport},
      NUMBER = {{CS}-94-233},
      YEAR = {1994},
      NOTE = {(Also LAPACK Working Note \#72)} }

 
@misc{shm_superlu97,
     AUTHOR = {James W. Demmel and John R. Gilbert and Xiaoye S. Li},
     TITLE = {An Asynchronous Parallel Supernodal Algorithm for 
                 Sparse {G}aussian Elimination},
     MONTH = {February},
     YEAR = {1997},
     NOTE = {Submitted to SIAM J. Matrix Anal. Appl., special issue on
             Sparse and Structured Matrix Computations and Their 
             Applications (Also LAPACK Working Note \#124)},
}
 
@TECHREPORT{Demmeleisenstatgilbertliliu,
      AUTHOR = {Demmel, J. and Eisenstat, S. and Gilbert, J. and
                Li, X. and Liu, J. W. H.},
      TITLE = {A Supernodal Approach to Sparse Partial Pivoting},
      INSTITUTION = {UC Berkeley Computer Science Division},
      TYPE = {{T}echnical {R}eport},
      NUMBER = {{UCB}//{CSD}-95-883},
      MONTH = {September},
      YEAR = {1995},
      NOTE = {to appear in SIAM J. Mat. Anal. Appl.} }
 
@PHDTHESIS{gregthesis,
  AUTHOR = {Henry, G.},
  TITLE = {Improving Data Re-Use in Eigenvalue-Related Computations},
  SCHOOL = {Cornell University, Ithaca, NY},
  MONTH = {January},
  YEAR = {1994}}
 
@PHDTHESIS{xiaoyelithesis,
  AUTHOR = {Li, X.},
  TITLE = {Sparse {G}aussian Elimination on High Performance Computers},
  SCHOOL = {Computer Science Division, Department of Electrical
            Engineering and Computer Science, University of California,
            Berkeley, CA},
  MONTH = {September},
  YEAR = {1996}}
 
@MISC{Demmelgilbertli,
   AUTHOR = {Demmel, J. and Gilbert, J. and Li, X.},
   TITLE = {Super{LU} Users' Guide},
   YEAR = {1997},
   NOTE = {(in preparation)} }

@ARTICLE{mpi,
      AUTHOR = {Message Passing~Interface Forum},
      TITLE = {{MPI}: A Message Passing Interface Standard},
      JOURNAL = {International Journal of Supercomputer Applications
                 and High Performance Computing},
      VOLUME = {8},
      YEAR = {1994},
      PAGES = {3--4},
      NOTE = {Special issue on {MPI}. Also available electronically,
              the URL is {\tt ftp://www.netlib.org/mpi/mpi-report.ps }} }

@BOOK{fortran90,
     AUTHOR = {Metcalf, M. and Reid, J.},
     TITLE = {Fortran 90 Explained},
     PUBLISHER = {Oxford University Press},
     ADDRESS = {Oxford, New York, Tokyo},
     YEAR = {1990} }

@TECHREPORT{lapwn1,
      AUTHOR = {Demmel, J. and Dongarra, J. and Du Croz, J. and
                Greenbaum, A. and Hammarling, S. and Sorensen, D.},
      TITLE = {Prospectus for the Development of a Linear Algebra Library
               for High-Performance Computers},
      INSTITUTION = {Argonne National Laboratory},
      YEAR = {1987},
      TYPE = {Mathematics and Computer Science Division Report},
      MONTH = {September},
      ADDRESS = {Argonne, IL},
      NOTE = {(LAPACK Working Note \#1)},
      NUMBER = {ANL/MCS-TM-97}    }

@ARTICLE{lapwn2,
      AUTHOR = {Dongarra, J. and Hammarling, S. and Sorensen, D. C.},
      TITLE = {Block Reduction of Matrices to Condensed Forms for Eigenvalue
               Computations},
      JOURNAL = {{J. ACM}},
      YEAR = {1989},
      VOLUME = {27},
      PAGES = {215--227},
      NOTE = {(Also LAPACK Working Note \#2)} }

@TECHREPORT{lawn81,
      AUTHOR = {Blackford, S. and Dongarra, J.},
      TITLE = {Quick installation guide for {LAPACK} on unix systems},
      INSTITUTION = {University of Tennessee},
      YEAR = {1994},
      TYPE = {{C}omputer {S}cience {D}ept. {T}echnical {R}eport {CS}-94-249},
      MONTH = {September},
      ADDRESS = {Knoxville, TN},
      NOTE = {(Also LAPACK Working Note \#81)} }

@TECHREPORT{lapwn4,
      AUTHOR = {Demmel, J. and Du Croz, J. and Hammarling, S. 
                and Sorensen, D.},
      TITLE = {Guides for the Design of Symmetric Eigenroutines, SVD,
               Iterative Refinement and Condition Estimation},
      INSTITUTION = {Argonne National Laboratory},
      YEAR = {1988},
      TYPE = {Mathematics and Computer Science Division Report},
      MONTH = {February},
      ADDRESS = {Argonne, IL},
      NOTE = {(LAPACK Working Note \#4)},
      NUMBER = {ANL/MCS-TM-111}    }

@TECHREPORT{lapwn5,
      AUTHOR = {Bischof, C. and Demmel, J. and Dongarra, J. and
                Du Croz, J. and Greenbaum, A. and Hammarling, S. 
                and Sorensen, D.},
      TITLE = {LAPACK Provisional Contents},
      INSTITUTION = {Argonne National Laboratory},
      YEAR = {1988},
      TYPE = {Mathematics and Computer Science Division Report},
      MONTH = {September},
      ADDRESS = {Argonne, IL},
      NOTE = {(LAPACK Working Note \#5)},
      NUMBER = {ANL-88-38}    }

@TECHREPORT{lapwn6,
      AUTHOR = {Brewer, O. and Dongarra, J. and Sorensen, D.},
      TITLE = {Tools to Aid in the Analysis of Memory Access Patterns
               for Fortran Programs},
      INSTITUTION = {Argonne National Laboratory},
      YEAR = {1988},
      TYPE = {Mathematics and Computer Science Division Report},
      MONTH = {June},
      ADDRESS = {Argonne, IL},
      NOTE = {(LAPACK Working Note \#6)},
      NUMBER = {ANL-MCS-TM-119}    }

@TECHREPORT{lapwn9,
      AUTHOR = {Demmel, J. and McKenney, A.},
      TITLE = {A Test Matrix Generation Suite},
      INSTITUTION = {Courant Institute},
      YEAR = {1989},
      TYPE = {Computer Science Dept. Technical Report},
      MONTH = {July},
      NOTE = {(LAPACK Working Note \#9)},
      ADDRESS = {New York, NY}}

@TECHREPORT{lapwn12,
      AUTHOR = {Mayes, P. and Radicati, G.},
      TITLE = {Banded Cholesky Factorization Using Level 3 BLAS},
      INSTITUTION = {Argonne National Laboratory},
      YEAR = {1989},
      TYPE = {Mathematics and Computer Science Division Report},
      MONTH = {August},
      NUMBER = {ANL/MCS-TM-134},
      NOTE = {(LAPACK Working Note \#12)},
      ADDRESS = {Argonne, IL}}

@ARTICLE{baiDemmelmckenney,
      AUTHOR = {Bai, Z. and Demmel, J. and McKenney, A.},
      TITLE = {On computing condition numbers for the nonsymmetric
               eigenproblem},
      JOURNAL = {{ACM} Trans. Math. Softw.},
      YEAR = {1993},
      VOLUME = {19},
      PAGES = {202--223},
      NOTE = {(Also LAPACK Working Note \#13)} }

@ARTICLE{baizha93,
      AUTHOR = {Bai, Z. and Zha, H.},
      TITLE = {A new preprocessing algorithm for the computation of the
               generalized singular value decomposition},
      JOURNAL = {SIAM J. Sci. Comp.},
      YEAR = {1993},
      VOLUME = {14},
      PAGES = {1007-1012} }

@TECHREPORT{lapwn14,
      AUTHOR = {Demmel, J.},
      TITLE = {On floating point errors in Cholesky},
      INSTITUTION = {University of Tennessee},
      YEAR = {1989},
      TYPE = {Computer Science Dept. Technical Report},
      NOTE = {(LAPACK Working Note \#14)},
      ADDRESS = {Knoxville} }

@TECHREPORT{lapwn16,
      AUTHOR = {Anderson, E. and Dongarra, J.},
      TITLE = {Results from the initial release of {LAPACK}},
      INSTITUTION = {University of Tennessee},
      YEAR = {1989},
      TYPE = {{C}omputer {S}cience {D}ept. {T}echnical {R}eport {CS}-89-89},
      NOTE = {(LAPACK Working Note \#16)},
      ADDRESS = {Knoxville} }

@TECHREPORT{greenbaumdongarra,
      AUTHOR = {Greenbaum, A. and Dongarra, J.},
      TITLE = {Experiments with {QL/QR} methods for the 
               symmetric tridiagonal eigenproblem},
      INSTITUTION = {University of Tennessee},
      YEAR = {1989},
      TYPE = {{C}omputer {S}cience {D}ept. {T}echnical {R}eport},
      NOTE = {(Also LAPACK Working Note \#17)},
      NUMBER = {{CS}-89-92},
      ADDRESS = {Knoxville,TN} }

@TECHREPORT{gueisenstat,
      AUTHOR = {M.~Gu and S.~Eisenstat},
      TITLE = {A stable algorithm for the rank-1 modification of the
               symmetric eigenproblem},
      INSTITUTION = {Yale University},
      YEAR = {1992},
      TYPE = {Computer Science Department Report},
      NUMBER = {YALEU/DCS/RR-916},
      ADDRESS = {New Haven, CT} }

@ARTICLE{gueisenstat3,
      AUTHOR = {M.~Gu and S.~Eisenstat},
      TITLE = {A Divide-And-Conquer Algorithm for the bidiagonal {SVD}},
      JOURNAL = {{SIAM} J. Matrix  Anal. Appl.},
      VOLUME = {16},
      PAGES = {79--92},
      YEAR = {1995} }

@TECHREPORT{lapwn19,
      AUTHOR = {Anderson, E. and Dongarra, J.},
      TITLE = {Evaluating block algorithm variants in {LAPACK}},
      INSTITUTION = {University of Tennessee},
      YEAR = {1990},
      TYPE = {{C}omputer {S}cience {D}ept. {T}echnical {R}eport {CS}-90-103},
      NOTE = {(LAPACK Working Note \#19)},
      ADDRESS = {Knoxville} }

@TECHREPORT{lapwn21,
      AUTHOR = {Du Croz, J. and Mayes, P. J. D. and Radicati di Brozolo, G.},
      TITLE = {Factorizations of band matrices using {L}evel 3 {BLAS}},
      INSTITUTION = {University of Tennessee},
      YEAR = {1990},
      TYPE = {{C}omputer {S}cience {D}ept. {T}echnical {R}eport},
      NUMBER = {{CS}-90-109},
      NOTE = {(Also LAPACK Working Note \#21)},
      ADDRESS = {Knoxville, TN} }

@ARTICLE{Demmel-Higham-Wnote22,
      AUTHOR = {Demmel, J. and Higham, N. J.},
      TITLE = {Stability of block algorithms with fast {L}evel 3 {BLAS}},
      JOURNAL = {{ACM} Trans. Math. Softw.},
      VOLUME = {18},
      PAGES = {274--291},
      YEAR = {1992},
      NOTE = {(Also LAPACK Working Note \#22)}  }

@ARTICLE{Demmelhigham1,
      AUTHOR = {Demmel, J. and Higham, N. J.},
      TITLE = {Improved error bounds for underdetermined systems solvers},
      JOURNAL = {{SIAM} J. Matrix Anal. Appl.},
      VOLUME = {14},
      YEAR = {1993},
      PAGES = {1--14},
      NOTE = {(Also LAPACK Working Note \#23)} }

@TECHREPORT{dhw,
      AUTHOR = {Dongarra, J. and Hammarling, S. and Wilkinson, J. H.},
      TITLE = {Numerical considerations in computing invariant subspaces},
      INSTITUTION = {University of Tennessee},
      YEAR = {1990},
      TYPE = {{C}omputer {S}cience {D}ept. {T}echnical {R}eport},
      NUMBER = {{CS}-90-117},
      NOTE = {(LAPACK Working Note \#25)},
      ADDRESS = {Knoxville, TN} }

@ARTICLE{lapwn27,
      AUTHOR = {Du Croz, J. and Higham, N. J.},
      TITLE = {Stability of Methods for Matrix Inversion},
      JOURNAL = {{IMA} J. Numer. Anal.},
      VOLUME = {12},
      PAGES = {1--19},
      YEAR = {1992},
      NOTE = {(Also LAPACK Working Note \#27)} }

@TECHREPORT{lawn35,
      AUTHOR = {Anderson, E. and Dongarra, J. and Ostrouchov, S.},
      TITLE = {Implementation Guide for {LAPACK}},
      INSTITUTION = {University of Tennessee},
      YEAR = {1991},
      TYPE = {{C}omputer {S}cience {D}ept. {T}echnical {R}eport},
      NUMBER = {{CS}-91-138},
      NOTE = {(LAPACK Working Note \#35)},
      ADDRESS = {Knoxville, TN} }

@TECHREPORT{bai,
      AUTHOR = {Bai, Z. and Demmel, J.},
      TITLE = {On a direct algorithm for computing invariant subspaces with
               specified eigenvalues},
      INSTITUTION = {University of Tennessee},
      YEAR = {1991},
      TYPE = {{C}omputer {S}cience {D}ept. {T}echnical {R}eport},
      NUMBER = {{CS}-91-139},
      NOTE = {(LAPACK Working Note \#38)},
      ADDRESS = {Knoxville, TN} }

@MISC{lapwn_bis,
      AUTHOR = {Assadullah, M. and Demmel, J. and Figueroa, S. and Greenbaum, A.
                and McKenney, A.},
      TITLE = {On Finding Eigenvalues and Singular Values by Bisection},
      HOWPUBLISHED = {LAPACK Working Note},
      NOTE = {in preparation} }

@TECHREPORT{LCAS,
      AUTHOR = {Payne, M. and Wichmann, B.},
      TITLE = {Information Technology - Programming Languages - 
               Language compatible Arithmetic},
      INSTITUTION = {ISO/IEC JTC1/SC22/WG11},
      YEAR = {1991},
      TYPE = {Project {JTC1}.22.28},
      MONTH = {1 March},
      NOTE = {First Committee Draft (Version 3.1)} }

@MANUAL{LIA,
      AUTHOR = {Payne, M. and Wichmann, B.},
      TITLE = {Language {I}ndependent {A}rithmetic ({LIA}) --  {P}art 1:
              {I}nteger and floating point arithmetic},
      ORGANIZATION = {International Standards Organization},
      EDITION = {ISO/IEC 10967-1:1994},
      YEAR = {1994}   }
      
@BOOK{lelong,
      AUTHOR = {Lelong, P.},
      TITLE = {Fonctions plurisousharmoniques et formes differentielles
               positiv},
      PUBLISHER ={Gordon and Breach},
      YEAR = {1968} }

@MISC{leparlett,
      AUTHOR = {Le, J. and Parlett, B. N.},
      TITLE = {On the forward instability of the {QR} transformation},
      NOTE = {to appear in {SIAM} J. Mat. Anal. Appl.} }
%     INSTITUTION = {University of California},
%     YEAR = {1988},
%     TYPE = {Center for Pure and Applied Mathematics},
%     MONTH = {July},
%     ADDRESS = {Berkeley, CA},
%     NUMBER = {PAM-419}    }

@TECHREPORT{lisunsun,
      AUTHOR = {Li, T.-Y. and Sun, H. Z. and Sun, X.-H.},
      TITLE = {Parallel homotopy algorithm for symmetric tridiagonal
               eigenvalue problem},
      INSTITUTION = {Michigan State University},
      YEAR = {1989},
      TYPE = {Department of Mathematics},
      ADDRESS = {East Lansing, MI} }

@ARTICLE{linnainmaa,
      AUTHOR = {Linnainmaa, S.},
      TITLE = {Software for doubled-precision floating point computations},
      JOURNAL ={{ACM} Trans. Math. Softw.},
      VOLUME = {7},
      YEAR = {1981},
      PAGES = {272--283} }

@BOOK{dongarra79,
      AUTHOR = {Dongarra, J. and Bunch, J. R. and Moler, C. B. and 
                Stewart, G. W. },
      TITLE = {LINPACK Users' Guide},
      PUBLISHER = {{SIAM}},
      YEAR = {1979},
      ADDRESS = {Philadelphia, PA} }

@ARTICLE{LPS,
      AUTHOR = {Lo, S.-S. and Phillipe, B. and Sameh, A.},
      TITLE = {A multiprocessor algorithm for the symmetric eigenproblem},
      JOURNAL ={{SIAM} J. Sci. Stat. Comput.},
      VOLUME = {8},
      NUMBER = {2},
      YEAR = {1987},
      PAGES = {155--165},
      MONTH = {March}}

@INCOLLECTION{maszyld,
      AUTHOR = {Ma, Shing C. and Patrick, Merrell and Szyld, D.},
      TITLE = {A parallel, hybrid algorithm for the generalized eigenproblem},
      BOOKTITLE = {Parallel Processing for Scientific Computing},
      PUBLISHER = {{SIAM}},
      EDITOR = {Garry Rodrigue},
      CHAPTER = {16},
      PAGES = {82--86},
      YEAR = {1989} }

@ARTICLE{Dongarra84a,
      AUTHOR = {Dongarra, J. and Gustafson, F. G. and Karp, A.},
      TITLE = {Implementing linear algebra algorithms for dense matrices
               on a vector pipeline machine},
      JOURNAL ={{SIAM} Review},
      VOLUME = {26},
      YEAR = {1984},
      PAGES = {91--112} }

@ARTICLE{Dongarra87e,
      AUTHOR = {Dongarra, J. and Grosse, E.},
      TITLE = {Distribution of Mathematical Software via Electronic Mail},
      JOURNAL ={Comm. {ACM}},
      VOLUME = {30},
      NUMBER = {5},
      YEAR = {1987},
      PAGES = {403--407},
      MONTH = {July}}

@INPROCEEDINGS{pblastry2,
      AUTHOR = {Elster, A.},
      TITLE = {Basic Matrix Subprograms for Distributed Memory Systems},
      BOOKTITLE ={Proceedings of the Fifth Distributed Memory
                  Computing Conference},
      PUBLISHER = {{IEEE} Computer Society Press},
      EDITOR = {Walker, D. and Stout, Q.},
      YEAR = {1990},
      PAGES = {311--316} }

@MISC{pblastry3,
      AUTHOR = {Falgout, R. and Skjellum, A. and Smith, S. and Still, S.},
      TITLE = {The Multicomputer Toolbox Approach to Concurrent BLAS},
      JOURNAL = {submitted to Concurrency: Practice and Experience},
      YEAR = {1993} }

@TECHREPORT{f2c,
      AUTHOR = {Feldman, S. I. and Gay, D. M. and Maimone, M. W. and
                Schryer, N. L.},
      TITLE = {A Fortran-to-C Converter},
      INSTITUTION = {AT \& T Bell Laboratories},
      ADDRESS = {Murray Hill, NJ},
      TYPE = {Computing Science Technical Report},
      NUMBER = {149},
      YEAR = {1990} }

@ARTICLE{fernandoparlett,
      AUTHOR = {Fernando, K. V. and Parlett, B. N.},
      TITLE = {Accurate singular values and differential qd algorithms},
      JOURNAL = {Num. Math.},
      VOLUME = {67},
      PAGES = {191--229},
      YEAR = {1994} }

@BOOK{fox88ab,
      AUTHOR = {Fox, G. and Johnson, M. and Lyzenga, G. and Otto, S. and
                Salmon, J. and Walker, D.},
      TITLE = {Solving Problems on Concurrent Processors, Volume 1},
      PUBLISHER = {Prentice-Hall},
      YEAR = {1988},
      ADDRESS = {Englewood Cliffs, NJ} }

@ARTICLE{FoxOttoHey,
      AUTHOR = {Fox, G. and Otto, S. and Hey, A.},
      TITLE = {Matrix Algorithms on a Hypercube {I}: Matrix Multiplication},
      JOURNAL = {Parallel Computing},
      VOLUME = {3},
      PAGES = {17--31},
      YEAR = {1987} }

@BOOK{fox94wm,
      AUTHOR = {Fox, G. and Williams, R. and Messina, P.},
      TITLE = {Parallel Computing Works!},
      PUBLISHER = {Morgan Kaufmann Publishers, Inc.},
      YEAR = {1994},
      ADDRESS = {San Francisco, CA},
      ISBN = {1-55860-253-4 (hardback)} }

@ARTICLE{geist88a,
      AUTHOR  = {G. Geist and C. Romine},
      TITLE   = {{LU} Factorization Algorithms on Distributed Memory
                Multiprocessor Architectures},
      JOURNAL = {SIAM J. Sci. Stat. Comput.},
      YEAR    = {1988},
      VOLUME  = {9},
      PAGES   = {639--649} }

@BOOK{kumar94a,
      AUTHOR    = {V. Kumar and A. Grama and A. Gupta and G.~Karypis},
      TITLE     = {{Introduction to Parallel Computing -- Design and
                  Analysis of Algorithms}},
      PUBLISHER = {The Benjamin/Cummings Publishing Company, Inc.},
      YEAR      = {1994},
      ADDRESS   = {Redwood City, CA},
      ISBN = {0-8053-3170-0 (hardback)} }

@BOOK{lewis92,
      AUTHOR    = {T. Lewis and H. El-Rewini},
      TITLE     = {{Introduction to Parallel Computing}},
      PUBLISHER = {Prentice-Hall, Inc.},
      YEAR      = {1992},
      ADDRESS   = {Englewood Cliffs, NJ},
      ISBN = {0-13-498924-4 (hardback)} }

@TECHREPORT{ng,
      AUTHOR = {Ng, K. C. and Parlett, B. N.},
      TITLE = {Development of an accurate algorithm for {EXP(Bt)}, {P}art {I},
               Programs to swap diagonal block, {P}art {II}},
      INSTITUTION = {University of California},
      ADDRESS = {Berkeley, CA},
      TYPE = {CPAM Technical Report},
      NUMBER = {294},
      YEAR = {1988} }

@MISC{ocneanu1,
      AUTHOR = {Ocneanu, A.},
      TITLE = {On the volume of tubes about a real variety},
      NOTE = {to appear in J. of Complexity} }

@TECHREPORT{ocneanu2,
      AUTHOR = {Ocneanu, A.},
      TITLE = {On the loss of precision in solving large linaer systems},
      INSTITUTION = {Mathematical Sciences Research Institute},
      ADDRESS = {Berkeley, CA},
      YEAR = {1985} }

@ARTICLE{oettliprager,
      AUTHOR = {Oettli, W. and Prager, W.},
      TITLE = {Compatibility of approximate solution of linear equations
         with given error bounds for coefficients and right hand sides},
      JOURNAL = {Num. Math.},
      YEAR = {1964},
      VOLUME = {6},
      PAGES = {405--409}   }

@BOOK{pacheco97,
      AUTHOR = {Pacheco, P.},
      TITLE = {Parallel Programming with {MPI}},
      PUBLISHER = {Morgan Kaufmann Publishers, Inc.},
      YEAR = {1997},
      ADDRESS = {San Francisco, CA} }

@ARTICLE{paige79,
      AUTHOR = {Paige, C.},
      TITLE = {Fast numerically stable computations for generalized
               linear least squares problems},
      JOURNAL = {{SIAM} J. Num. Anal.},
      YEAR = {1979},
      VOLUME = {16},
      PAGES = {165--179} }

@ARTICLE{paige79b,
      AUTHOR = {Paige, C.},
      TITLE = {Computer Solution and Perturbation Analysis of
         Generalized Linear Least Squares Problems},
      JOURNAL = {Math. of Comput.},
      YEAR = {1979},
      VOLUME = {33},
      NUMBER = {145},
      PAGES = {171--183} }

@ARTICLE{paige81,
      AUTHOR = {Paige, C.},
      TITLE = {Properties of numerical algorithms related to computing 
               controllability},
      JOURNAL = {{IEEE} Trans. on Auto. Cntr.},
      YEAR = {1981},
      VOLUME = {AC-26},
      NUMBER = {1},
      PAGES = {130--138} }

@ARTICLE{paigesaunders81,
      AUTHOR = {Paige, C. and Saunders, M.},
      TITLE = {Towards a generalized singular value decomposition},
      JOURNAL = {{SIAM} J. Num. Anal.},
      YEAR = {1981},
      VOLUME = {15},
      PAGES = {241--256} }

@ARTICLE{paige84,
      AUTHOR = {Paige, C.},
      TITLE = {A note on a result of {Sun Ji-guang}: sensitivity of the
              {CS} and {GSV} decomposition},
      JOURNAL = {SIAM J. Num. Anal.},
      YEAR = {1984},
      VOLUME = {21},
      PAGES = {186--191} }

@ARTICLE{paige86a,
      AUTHOR = {Paige, C.},
      TITLE = {Computing the generalized singular value decomposition},
      JOURNAL = {SIAM J. Sci. Stat.},
      YEAR = {1986},
      VOLUME = {7},
      PAGES = {1126--1146} }

@INCOLLECTION{paige90,
      AUTHOR = {Paige, C.},
      TITLE = {Some aspects of generalized {QR} factorization},
      BOOKTITLE = {Reliable Numerical Computations},
      PUBLISHER = {Clarendon Press},
      EDITOR = {M. Cox and S. Hammarling},
      YEAR = {1990} }

@ARTICLE{pan84,
      AUTHOR = {Pan, V.},
      TITLE = {How Can We Speed Up Matrix Multiplication},
      JOURNAL = {{SIAM} Review},
      YEAR = {1984},
      VOLUME = {26},
      PAGES = {393--416}   }

@MISC{paranoia,
      AUTHOR = {Kahan, W.},
      TITLE = {Paranoia},
      HOWPUBLISHED = {available from Netlib\cite{netlib}} }

@BOOK{parlett,
      AUTHOR = {Parlett, B. N.},
      TITLE = {The Symmetric Eigenvalue Problem},
      PUBLISHER = {Prentice-Hall},
      YEAR = {1980},
      ADDRESS = {Englewood Cliffs, NJ}   }

@ARTICLE{parlettdhillon96,
      AUTHOR = {Parlett, B. N. and Dhillon, I. S.},
      TITLE = {On {F}ernando's Method to find the most redundant
               equation in a Tridiagonal System},
      JOURNAL ={Lin. Alg. Applic.},
      YEAR = {1996},
      NOTE = {to appear} }

@TECHREPORT{parlett96,
      AUTHOR = {Parlett, B. N.},
      TITLE = {The construction of Orthogonal Eigenvectors for tight
               clusters by use of submatrices},
      INSTITUTION = {University of California},
      ADDRESS = {Berkeley, CA},
      TYPE = {Center for Pure and Applied Mathematics},
      YEAR = {1996},
      MONTH = {January},
      NUMBER = {PAM-664},
      NOTE = {submitted to SIMAX}    }

@PHDTHESIS{petitet96a,
      AUTHOR      = {A. Petitet},
      TITLE       = {Algorithmic Redistribution Methods for
                    Block Cyclic Decompositions},
      SCHOOL      = {University of Tennessee},
      ADDRESS     = {Knoxville, TN},
      YEAR        = {1996} }

@ARTICLE{pokrzywa86,
      AUTHOR = {Pokrzywa, A.},
      TITLE = {On perturbations and the equivalence orbit of a matrix pencil},
      JOURNAL = {Lin. Alg. Applic.},
      VOLUME = {82},
      YEAR = {1986},
      PAGES = {99--121} }

@INPROCEEDINGS{priest,
      AUTHOR = {Priest, D.},
      TITLE = {Algorithms for arbitrary precision floating point arithmetic},
      BOOKTITLE ={Proceedings of the 10th Symposium on Computer Arithmetic},
      PUBLISHER = {{IEEE} Computer Society Press},
      EDITOR = {P. Kornerup and D. Matula},
      YEAR = {1991},
      ADDRESS = {Grenoble, France},
      MONTH = {June 26-28},
      PAGES = {132--145} }

 
@ARTICLE{PT97,
        AUTHOR      = {L. Prylli and B. Tourancheau},
        JOURNAL     = {Journal of Parallel and Distributed Computing},
        NOTE        = {To appear},
        NUMBER      = {},
        PAGES       = {},
        TITLE       = {Efficient Block Cyclic Array Redistribution},
        VOLUME      = {},
        YEAR        = {1997} }
 
@INPROCEEDINGS{DPRT95,
        AUTHOR     = {J. Dongarra and C. Randriamaro and L. Prylli
                      and B. Tourancheau},
        BOOKTITLE  = {EuroPVM users' group},
        PUBLISHER  = {Hermes},
        ISBN = {2 86601 497 9},
        TITLE      = {Array Redistribution in {S}ca{LAPACK} using {PVM}},
        YEAR       = {1995},
        LOCATION   = {Lyon, France} }
 
@INPROCEEDINGS{PT96a,
        AUTHOR = {L. Prylli and B. Tourancheau},
        TITLE  = {Efficient Block Cyclic Data Redistribution},
        VOLUME = {1},
        SERIES = {Lecture Notes in Computer Science},
        PAGES  = {155--165},
        BOOKTITLE = {EUROPAR'96},
        YEAR =  {1996},
        PUBLISHER = {Springer-Verlag} }

@ARTICLE{renegar87,
      AUTHOR = {Renegar, J.},
      TITLE = {On the efficiency of Newton's method in
               approximating all zeros of systems of complex polynomials},
      JOURNAL ={Math. of Operations Research},
      YEAR = {1987},
      VOLUME = {12},
      NUMBER = {1},
      MONTH = {February},
      PAGES = {121--148} }

@MISC{renegarhere,
      AUTHOR = {Renegar, J.},
      NOTE = {these proceedings} }

@ARTICLE{rohn,
      AUTHOR = {Rohn, J.},
      TITLE = {Systems of Linear Interval Equations},
      JOURNAL ={Linear Algebra and its Applications},
      YEAR = {1989},
      VOLUME = {126},
      PAGES = {39--78} }

@ARTICLE{rohn1,
      AUTHOR = {Rohn, J.},
      TITLE = {Nonsingularity under data rounding},
      JOURNAL ={Linear Algebra and its Applications},
      YEAR = {1990},
      VOLUME = {139},
      PAGES = {171--174} }

@ARTICLE{rohnpoljak,
      AUTHOR = {Rohn, J. and Poljak, S.},
      TITLE = {Radius of Nonsingularity},
      JOURNAL ={Math. Contr. Sys. Sig.},
      NOTE = {to appear} }

@ARTICLE{ruhe,
      AUTHOR = {Ruhe, A.},
      TITLE = {An algorithm for numerical determination
               of the structure of a general matrix},
      JOURNAL ={BIT},
      YEAR = {1970},
      VOLUME = {10},
      PAGES = {196--216} }

@TECHREPORT{rutter,
      AUTHOR = {Rutter, J.},
      TITLE = {A serial implementation of {C}uppen's Divide and Conquer
               Algorithm for the Symmetric Tridiagonal Eigenproblem},
      INSTITUTION = {University of California, Berkeley},
      TYPE = {Computer Science Division Report},
      NUMBER = {UCB/CSD 94/799},
      ADDRESS = {Berkeley, CA},
      YEAR = {1994},
      NOTE = {(Also LAPACK Working Note \#69)} }

@MANUAL{ansiC,
      AUTHOR = {Schildt, H.},
      TITLE = {The Annoted ANSI C standard. American National Standard for
               Programming Languages -- C.},
      ORGANIZATION = {ANSI/International Standards Organization},
      EDITION = {ANSI/ISO 9899-1990},
      ADDRESS = {OsBorne, Berkeley, CA},
      YEAR = {1990}   }

@BOOK{santalo,
      AUTHOR = {Santal\'{o}, L. A.},
      TITLE = {Integral Geometry and Geometric Probability},
      PUBLISHER = {Addison-Wesley},
      SERIES = {Encyclopedia of Mathematics and Its Applications},
      VOLUME = {1},
      YEAR = {1985} }

@ARTICLE{scott,
      AUTHOR = {Scott, D.},
      TITLE = {Computing a few eigenvalues and eigenvectors of a symemtric 
               band matrix},
      JOURNAL = {{SIAM} J. Sci. Stat. Comput.},
      YEAR = {1984},
      MONTH = {September},
      VOLUME = {5},
      NUMBER = {3},
      PAGES = {658--666}   }

@ARTICLE{scott,
      AUTHOR = {Scott, D.},
      TITLE = {Computing a few eigenvalues and eigenvectors of a symemtric 
               band matrix},
      JOURNAL = {{SIAM} J. Sci. Stat. Comput.},
      YEAR = {1984},
      MONTH = {September},
      VOLUME = {5},
      NUMBER = {3},
      PAGES = {658--666}   }

@ARTICLE{simon,
      AUTHOR = {Simon, H.},
      TITLE = {Bisection is not optimal on vector processors},
      JOURNAL = {{SIAM} J. Sci. Stat. Comput.},
      YEAR = {1989},
      MONTH = {January},
      VOLUME = {10},
      NUMBER = {1},
      PAGES = {205--209}   }

@ARTICLE{Schreiber87a,
      AUTHOR = {Schreiber, R. and Van Loan, C. F.},
      TITLE = {A storage efficient {WY} representation for products of
               {H}ouseholder transformations},
      JOURNAL = {{SIAM} J. Sci. Stat. Comput.},
      YEAR = {1989},
      VOLUME = {10},
      PAGES = {53--57}   }

@ARTICLE{skeel79,
      AUTHOR = {Skeel, R. D.},
      TITLE = {Scaling for numerical stability in {G}aussian elimination},
      JOURNAL = {J. of the ACM},
      YEAR = {1979},
      VOLUME = {26},
      PAGES = {494--526}   }

@ARTICLE{skeel80,
      AUTHOR = {Skeel, R. D.},
      TITLE = {Iterative refinement implies numerical stability for 
               {G}aussian Elimination},
      JOURNAL = {Math. Comput.},
      YEAR = {1980},
      VOLUME = {35},
      PAGES = {817--832}   }

@TECHREPORT{slapnicar,
      AUTHOR = {Slapni\v{c}ar, I.},
      TITLE = {Upper bound for the condition of the scaled matrix
               of the symmetric eigenvalue problem},
      INSTITUTION = {Fern-Universit\"{a}t Hagen},
      YEAR = {1990},
      TYPE = {Lehrgebiet Mathematische Physik},
      MONTH = {November},
      ADDRESS = {Hagen, Germany} }

@PHDTHESIS{slapnicar1,
      AUTHOR = {Slapni\v{c}ar, I.},
      TITLE = {Accurate symmetric eigenreduction by a Jacobi method},
      SCHOOL = {Fern-Universit\"{a}t Hagen},
      ADDRESS = {Hagen, Germany},
      YEAR = {1992} }

@ARTICLE{smale0,
      AUTHOR = {Smale, S.},
      TITLE = {The Fundamental Theorem of Algebra and Complexity Theory},
      JOURNAL = {{AMS} Bulletin (New Series)},
      VOLUME = {4},
      NUMBER = {1},
      YEAR = {1981},
      PAGES = {1--35} }

@ARTICLE{smale1,
      AUTHOR = {Smale, S.},
      TITLE = {On the efficiency of algorithms of analysis},
      JOURNAL = {{AMS} Bulletin (New Series)},
      VOLUME = {13},
      NUMBER = {2},
      MONTH = {October},
      YEAR = {1985},
      PAGES = {87--121} }

@ARTICLE{smale2,
      AUTHOR = {Blum, L. and Shub, M. and Smale, S.},
      TITLE = {On a theory of computation and complexity over the real
               numbers: {NP}-completeness, recursive functions and 
               universal machines},
      JOURNAL = {{AMS} Bulletin (New Series)},
      VOLUME = {21},
      NUMBER = {1},
      MONTH = {July},
      YEAR = {1989},
      PAGES = {1--46} }

@ARTICLE{smale3,
      AUTHOR = {Smale, S.},
      TITLE = {Some remarks on the foundations of numerical analysis},
      JOURNAL = {{SIAM} Review},
      VOLUME = {32},
      NUMBER = {2},
      MONTH = {June},
      YEAR = {1990},
      PAGES = {211--220} }

@BOOK{SOHWD:96,
      AUTHOR = {Snir, M. and Otto, S. W. and Huss-Lederman, S. and
                Walker, D. W. and Dongarra, J.},
      TITLE = {{MPI}: The Complete Reference},
      PUBLISHER = {{MIT} Press},
      ADDRESS = {Cambridge, MA},
      YEAR = {1996} }

@ARTICLE{stewart72,
      AUTHOR = {Stewart, G. W.},
      TITLE = {On the sensitivity of the eigenvalue problem {$Ax= \lambda Bx$}},
      JOURNAL = {{SIAM} J. Num. Anal.},
      YEAR = {1972},
      VOLUME = {9},
      NUMBER = {4},
      PAGES = {669--686}   }

@ARTICLE{stewart73,
      AUTHOR = {Stewart, G. W.},
      TITLE = {Error and Perturbation Bounds for Subspaces Associated with
               Certain Eigenvalue Problems},
      JOURNAL = {{SIAM} Review},
      YEAR = {1973},
      MONTH = {Oct},
      VOLUME = {15},
      NUMBER = {4},
      PAGES = {727--764}   }

@ARTICLE{stewart75,
      AUTHOR = {Stewart, G. W.},
      TITLE = {Gershgorin Theory for the generalized eigenproblem 
               {$Ax = \lambda Bx$}},
      JOURNAL = {Math. Comp.},
      YEAR = {1975},
      VOLUME = {29},
      NUMBER = {130},
      PAGES = {600--606}   }

@ARTICLE{stewart75,
      AUTHOR = {Stewart, G. W.},
      TITLE = {Gershgorin Theory for the generalized eigenproblem 
               {$Ax = \lambda Bx$}},
      JOURNAL = {Math. Comp.},
      YEAR = {1975},
      VOLUME = {29},
      NUMBER = {130},
      PAGES = {600--606}   }

@ARTICLE{stewart2,
      AUTHOR = {Stewart, G. W.},
      TITLE = {Algorithm 506 {HQR3} and {EXCHANG}:
               {F}ortran subroutine for calculating and ordering the 
               eigenvalues of a real upper {H}essenberg matrix [{F}2]},
      JOURNAL = {{ACM} Trans. Math. Softw.},
      YEAR = {1976},
      VOLUME = {2},
      PAGES = {275--280}   }

@INCOLLECTION{stewart83,
      AUTHOR = {Stewart, G. W.},
      TITLE = {A method for computing the generalized singular value
               decomposition},
      BOOKTITLE = {Matrix Pencils},
      PUBLISHER = {Springer-Verlag},
      ADDRESS = {Berlin},
      EDITOR = {B. K{\aa}gstr\"{o}m and A. Ruhe},
      NOTE = {Lecture Notes in Mathematics, vol. 973,
              Proceedings, Pite Havsbad, 1982},
      PAGES = {207--220},
      YEAR = {1983} }

@BOOK{stewartsun90,
      AUTHOR = {Stewart, G. W. and Sun, J.-G.},
      TITLE = {Matrix Perturbation Theory},
      YEAR = {1990},
      ADDRESS = {New York},
      PUBLISHER = {Academic Press} }

@BOOK{stolzenberg,
      AUTHOR = {Stolzenberg, G.},
      TITLE = {Volumes, limits, and extensions of analytic varieties},
      SERIES = {Lecture Notes in Mathematics},
      YEAR = {1966},
      VOLUME = {19},
      PUBLISHER = {Springer-Verlag} }

@INCOLLECTION{jgsun83a,
      AUTHOR = {Sun, J.-G.},
      TITLE = {Perturbation analysis for the generalized eigenvalue and
               generalized singular value problem},
      BOOKTITLE = {Matrix Pencils},
      PUBLISHER = {Springer-Verlag},
      ADDRESS = {Berlin},
      EDITOR = {B. K{\aa}gstr\"{o}m and A. Ruhe},
      NOTE = {Lecture Notes in Mathematics, vol. 973,
              Proceedings, Pite Havsbad, 1982},
      PAGES = {221--244},
      YEAR = {1983} }

@ARTICLE{jgsun83b,
      AUTHOR = {Sun, J.-G.},
      TITLE = {Orthogonal projections and the perturbation of the eigenvalues
               of singular pencils},
      JOURNAL = {J. Comp. Math. (China)},
      YEAR = {1983},
      VOLUME = {1},
      PAGES = {63--74}   }

@ARTICLE{sun83,
      AUTHOR = {Sun, J.-G.},
      TITLE = {Perturbation analysis for the generalized singular
               value decomposition},
      JOURNAL = {SIAM J. Num. Anal.},
      YEAR = {1983},
      VOLUME = {20},
      PAGES = {611--625}   }

@ARTICLE{jgsun88,
      AUTHOR = {Sun, J.-G.},
      TITLE = {Gershgorin type theorem and the perturbations of the eigenvalues
               of a singular pencil},
      JOURNAL = {Chinese J. Num. Math. Appl.},
      YEAR = {1988},
      VOLUME = {10},
      NUMBER = {1},
      PAGES = {1--13}   }

@ARTICLE{sun91,
      AUTHOR = {Sun, X. H. and Gustafson, J. L.},
      TITLE = {Toward a {B}etter {P}arallel {P}erformance {M}etric},
      JOURNAL = {Parallel Computing},
      YEAR = {1991},
      VOLUME = {17},
      PAGES = {1093--1109}   }

@MANUAL{SunSoft:XDR,
      AUTHOR = {SunSoft},
      TITLE = {The XDR Protocol Specification. Appendix A of ``Network
               Interfaces Programmer's Guide''},
      ORGANIZATION = {SunSoft},
      ADDRESS = {},
      YEAR = {1993}   }

@ARTICLE{szyld,
      AUTHOR = {Szyld, D.},
      TITLE = {Criteria for combining inverse iteration and {R}ayleigh
               quotient iteration},
      JOURNAL = {{SIAM} J. Num. Anal.},
      YEAR = {1988},
      MONTH = {December},
      VOLUME = {25},
      NUMBER = {6},
      PAGES = {1369--1375}   }

@ARTICLE{Symes,
      AUTHOR = {Symes},
      TITLE = {Something},
      JOURNAL ={Some Journal},
      YEAR = {19xx},
      VOLUME = {yy},
      NUMBER = {z}}

@TECHREPORT{tangsorensen,
      AUTHOR = {Sorensen, D. and Tang, P.},
      TITLE = {On the Orthogonality of Eigenvectors Computed by 
               Divide-and-Conquer Techniques},
      INSTITUTION = {Argonne National Lab},
      TYPE = {Mathematics and Computer Science Division},
      YEAR = {1990},
      NUMBER = {MCS-P152-0490},
      MONTH = {May},
      NOTE = {to appear in SIAM J. Num. Anal.},
      ADDRESS = {Argonne, IL} }

@ARTICLE{thie,
      AUTHOR = {Thie, P.},
      TITLE = {The Lelong number of points of a complex analytic set},
      JOURNAL ={Math. Ann.},
      YEAR = {1967},
      VOLUME = {172},
      PAGES = {269--312} }

@BOOK{Toolpack,
       EDITOR = {Pollicini, A. A.},
       TITLE = {Using Toolpack Software Tools},
       PUBLISHER = {Kluwer Academic},
       YEAR = {1989} } 
%      AUTHOR = {Cowell, W. R. and Hague, S. J. and Iles, R. M. J.},
%      TITLE = {Toolpack/1 Introductory Guide},
%      ORGANIZATION = {Numerical Algorithms Group Ltd},
%      NOTE = {publication reference NP1007},
%      YEAR = {1985} }

@PHDTHESIS{vandegeijn,
      AUTHOR = {van de {G}eijn, Robert},
      TITLE = {Implementing the {QR} Algorithm on an Array of Processors},
      SCHOOL = {University of Maryland},
      YEAR = {1987},
      ADDRESS = {College Park},
      MONTH = {August},
      NOTE = {Computer Science Department Report TR-1897} }

@TECHREPORT{lawn96,
      AUTHOR = {van de Geijn, R. and Watts, J.},
      TITLE = {{SUMMA}: Scalable Universal Matrix Multiplication Algorithm},
      INSTITUTION = {University of Tennessee},
      TYPE = {{C}omputer {S}cience {D}ept. {T}echnical {R}eport},
      NUMBER = {{CS}-95-286},
      ADDRESS = {Knoxville, TN},
      YEAR = {1995},
      NOTE = {(Also LAPACK Working Note \#96)} }

@ARTICLE{vandersluis,
      AUTHOR = {Van Der Sluis, A.},
      TITLE = {Condition numbers and equilibration of matrices},
      JOURNAL = {Num. Math.},
      YEAR = {1969},
      VOLUME = {14},
      PAGES = {14--23} }

@ARTICLE{vandooren79,
      AUTHOR = {Van Dooren, P.},
      TITLE = {The computation of {K}ronecker's canonical form of a singular
               pencil},
      JOURNAL = {Lin. Alg. Applic.},
      YEAR = {1979},
      VOLUME = {27},
      PAGES = {103--141} }

@ARTICLE{vandooren81,
      AUTHOR = {Van Dooren, P.},
      TITLE = {The generalized eigenstructure problem in linear system theory},
      JOURNAL = {{IEEE} Trans. Aut. Cntl.},
      YEAR = {1981},
      VOLUME = {AC-26},
      PAGES = {111--128} }

@INCOLLECTION{vandooren83a,
      AUTHOR = {Van Dooren, P.},
      TITLE = {Reducing Subspaces: Computational aspects and applications in
               linear systems theory},
      BOOKTITLE = {Proceedings of the 5th Int. Conf. on Analysis and 
                   Optimization of Systems, 1982},
      PUBLISHER = {Springer-Verlag},
      NOTE = {Lecture Notes on Control and Information Sciences, Vol. 44},
      YEAR = {1983} }

@INCOLLECTION{vandooren83,
      AUTHOR = {Van Dooren, P.},
      TITLE = {Reducing Subspaces: Definitions, Properties and Algorithms},
      BOOKTITLE = {Matrix Pencils},
      PUBLISHER = {Springer-Verlag},
      ADDRESS = {Berlin},
      EDITOR = {B. K{\aa}gstr\"{o}m and A. Ruhe},
      NOTE = {Lecture Notes in Mathematics, vol. 973,
              Proceedings, Pite Havsbad, 1982},
      PAGES = {58--73},
      YEAR = {1983} }

@ARTICLE{vanloan,
      AUTHOR = {Van Loan, C. F.},
      TITLE = {On Estimating the condition of eigenvalues and eigenvectors},
      JOURNAL = {Lin. Alg. Applic.},
      VOLUME = {88/89}, 
      YEAR = {1987},
      PAGES = {715--732} }

@ARTICLE{varah,
      AUTHOR = {Varah, J.},
      TITLE = {On the separation of two matrices},
      JOURNAL = {{SIAM} J. Numer. Anal.},
      VOLUME = {16}, 
      YEAR = {1979},
      PAGES = {216--222} }

@ARTICLE{veselicslapnicar,
      AUTHOR = {Veseli\'{c}, K. and Slapni\v{c}ar, I.},
      TITLE = {Floating-Point Perturbations of {Hermitian} Matrices},
      JOURNAL = {Lin. Alg. Applic.},
      VOLUME = {195},
      PAGES = {81--116},
      YEAR = {1993} }

@MISC{wang,
      AUTHOR = {Wang, X.},
      NOTE = {private communication},
      YEAR = {1990}}

@ARTICLE{waterhouse84,
      AUTHOR = {Waterhouse, W.},
      TITLE = {The codimension of singular matrix pairs},
      JOURNAL = {Lin. Alg. Applic.},
      VOLUME = {57}, 
      YEAR = {1984},
      PAGES = {227--245} }

@ARTICLE{watkinselsner,
      AUTHOR = {Watkins, D. and Elsner, L.},
      TITLE = {Convergence of algorithms of decomposition type for the
               eigenvalue problem},
      JOURNAL = {Lin. Alg. Applic.},
      VOLUME = {143},
      PAGES = {19--47},
      YEAR = {1991}}

@TECHREPORT{lawn73,
      AUTHOR = {Whaley, R. C.},
      TITLE = {Basic Linear Algebra Communication Subprograms:
               Analysis and Implementation Across Multiple Parallel
               Architectures},
      INSTITUTION = {University of Tennessee},
      TYPE = {{C}omputer {S}cience {D}ept. {T}echnical {R}eport},
      NUMBER = {{CS}-94-234},
      ADDRESS = {Knoxville, TN},
      YEAR = {1994},
      MONTH = {May},
      NOTE = {(Also LAPACK Working Note \#73)} }

@ARTICLE{weyl,
      AUTHOR = {Weyl, H.},
      TITLE = {On the Volume of Tubes},
      JOURNAL = {Amer. J. of Math.},
      YEAR = {1939},
      VOLUME = {61},
      PAGES = {461--472} }

@BOOK{wilkinson1,
      AUTHOR = {Wilkinson, J. H.},
      TITLE = {The Algebraic Eigenvalue Problem},
      PUBLISHER = {Oxford University Press},
      ADDRESS = {Oxford, UK},
      YEAR = {1965}}

@INCOLLECTION{wilkinsona,
      AUTHOR = {Wilkinson, J. H.},
      TITLE = {Some recent advances in numerical linear algebra},
      BOOKTITLE = {The State of the Art in Numerical Analysis},
      EDITOR = {D. A. H. Jacobs},
      PUBLISHER = {Academic Press},
      ADDRESS = {New York},
      YEAR = {1977} }

@INPROCEEDINGS{wilk68,
      AUTHOR = {Wilkinson, J. H.},
      TITLE = {A priori error analysis of algebraic processes},
      BOOKTITLE ={Proceedings of the International Congress of
                  Mathematicians, Moscow 1966},
      ORGANIZATION = {Mir Publishers},
      YEAR = {1968},
      EDITOR = {I. G. Petrovsky},
      PAGES = {629--640} }

@INCOLLECTION{wilkinson78,
      AUTHOR = {Wilkinson, J. H.},
      TITLE = {Linear differential equations and {K}ronecker's canonical form},
      BOOKTITLE = {Recent Advances in Numerical Analysis},
      PUBLISHER = {Academic Press},
      YEAR = {1978},
      EDITOR = {C. de Boor and G. Golub},
      PAGES = {231--265} }

@ARTICLE{wilkinson79,
      AUTHOR = {Wilkinson, J. H.},
      TITLE = {Kronecker's canonical form and the {QZ} algorithm},
      JOURNAL = {Lin. Alg. Applic.},
      VOLUME = {28},
      YEAR = {1979},
      PAGES = {285--303} }

@ARTICLE{wilkinson2,
      AUTHOR = {Wilkinson, J. H.},
      TITLE = {Sensitivity of Eigenvalues},
      JOURNAL = {Utilitas Math.},
      VOLUME = {25},
      YEAR = {1984},
      PAGES = {5--76} }

@BOOK{wilkinson3,
      EDITOR = {Wilkinson, J. H. and Reinsch, C.},
      TITLE = {Handbook for {A}utomatic {C}omputation, vol 2.: 
              {L}inear {A}lgebra},
      PUBLISHER = {Springer-Verlag},
      ADDRESS = {Heidelberg},
      YEAR = {1971} }

@BOOK{wonham,
      AUTHOR = {Wonham, M.},
      TITLE = {Linear Multivariable Control Theory: A Geometric Approach},
      PUBLISHER = {Springer-Verlag},
      EDITION = {2nd},
      ADDRESS = {New York},
      YEAR = {1979}}

@TECHREPORT{dubrulle,
      AUTHOR = {Dubrulle, A.},
      TITLE = {The multishift {QR} algorithm: is it worth the trouble?},
     INSTITUTION = {{IBM} Corp.},
      YEAR = {1991},
      TYPE = {Palo Alto Scientific Center Report},
      ADDRESS = {1530 Page Mill Road, Palo Alto, CA 94304},
      NUMBER = {G320-3558x}    }

 
@UNPUBLISHED{berkeleynow,
  author =       {David~E.~Culler and Andrea~Arpaci-Dusseau and
                  Remzi~Arpaci-Dusseau and Brent~Chun and
                  Steven~Lumetta and Alan~Mainwaring and
                  Richard~Martin and Chad~Yoshikawa and Frederick~Wong},
 title =        {Parallel Computing on the {B}erkeley {NOW}},
  note =        {To appear in JSPP'97 (9th Joint Symposium on
                Parallel Processing), Kobe, Japan},
  year =        {1997} }
 
@TECHREPORT{am2,
  author =       {Alan~Mainwaring and David~E.~Culler},
  title =        {Active Message Applications Programming Interface
                  and Communication Subsystem Organization},
  institution =  {University of California at Berkeley},
  address     =  {Berkeley, CA},
  number =       {UCB CSD-96-918},
  month  =       {October},
  year =         {1996} }

@INPROCEEDINGS{dongarra92a,
      AUTHOR = {J. Dongarra and R. van de Geijn and D. W. Walker},
      TITLE = {A Look at Scalable Dense Linear Algebra Libraries},
      BOOKTITLE ={Proceedings of the Scalable High-Performance Computing
                  Conference},
      ORGANIZATION = {IEEE Publishers},
      YEAR = {1992},
      EDITOR = {IEEE},
      PAGES = {372--379} }

 
@ARTICLE{lichtenstein93a,
      AUTHOR  = {W. Lichtenstein and S. L. Johnsson},
      TITLE   = {Block-Cyclic Dense Linear Algebra},
      JOURNAL = {{SIAM} J. Sci. Stat. Comput.},
      YEAR    = {1993},
      VOLUME  = {14},
      NUMBER  = {6},
      PAGES   = {1259--1288} }

@ARTICLE{ward81,
      AUTHOR  = {R. C. Ward},
      TITLE   = {Balancing the generalized eigenvalue problem},
      JOURNAL = {{SIAM} J. Sci. Stat. Comput.},
      YEAR    = {1981},
      VOLUME  = {2},
      PAGES   = {141--152} }

@misc{atlas_sc98,
AUTHOR         = {R. Clint Whaley and J. Dongarra},
TITLE          = "{Automatically Tuned Linear Algebra Software}",
YEAR           = {1998},
NOTE           = {Winner, best paper in the systems category, SC98: High
Performance Networking and Computing},
HOWPUBLISHED   =
{http://www.supercomp.org/sc98/TechPapers/sc98\_FullAbstracts/Whaley814/INDEX.HTM}
}

@ARTICLE{atlas2,
     AUTHOR = {Whaley, R. C. and Petitet, A. and Dongarra, J.},
     TITLE  = {Automated Empirical Optimization of Software and the 
              {ATLAS} Project},
      JOURNAL = {Parallel Computing},
      YEAR    = {2001},
      VOLUME  = {?},
      PAGES   = {??--??},
      NOTE    = {to appear} }

@BOOK{DemmelMA221,
      AUTHOR = {Demmel, J.},
      TITLE = {Applied Numerical Linear Algebra},
      PUBLISHER = {SIAM},
      ADDRESS = {Philadelphia, PA},
      YEAR = {1997} }

@BOOK{higham02,
      AUTHOR = {Higham, N. J.},
      TITLE = {Accuracy and {S}tability of {N}umerical {A}lgorithms},
      EDITION = {Second},
      PUBLISHER = {SIAM},
      ADDRESS = {Philadelphia, PA},
      ISBN = {0-89871-521-0},
      YEAR = {2002} }

@BOOK{bjorck3,
      author =      {Bj\"{o}rck, {\AA}.},
      title  =      {Numerical Methods for Least Squares Problems},
     ADDRESS = {Philadelphia, PA},
      publisher =   {SIAM},
      year   =      {1996} }

@ARTICLE{chatterjee95a,
AUTHOR         = {S. Chatterjee and J. Gilbert and F. Long and R.
                 Schreiber and S. Tseng},
TITLE          = "{Generating Local Adresses and Communication Sets for
                 Data Parallel Programs}",
JOURNAL        = JPDC,
VOLUME         = 26,
PAGES          = "72--84",
YEAR           = 1995 }

@INPROCEEDINGS{crpc94485,
AUTHOR         = {K. Kennedy and N. Nedeljkovi\'{c} and A. Sethi},
TITLE          = "{A Linear-Time Algorithm for Computing the Memory
                 Access Sequence in Data Parallel Programs}",
BOOKTITLE      = {Proceedings of the Fifth {ACM SIGPLAN} Symposium on
                 Principles and Practice of Parallel Programming},
ADDRESS        = {Santa Barbara, CA},
YEAR           = "1995" }

@TECHREPORT{crpc94497,
AUTHOR         = "K. Kennedy and N. Nedeljkovi\'{c} and A. Sethi",
TITLE          = "{Efficient Address Generation For Block-Cyclic
                 Distributions}",
NUMBER         = "CRPC-TR94485-S",
INSTITUTION    = "Center for Research on Parallel Computation",
YEAR           =  "1994" }
 
@TECHREPORT{crpc95521,
AUTHOR         = "S. Hiranandani and K. Kennedy and J. Mellor-Crummey
                 and A. Sethi",
TITLE          = "{Compilation Techniques for Block-Cyclic Distributions}",
NUMBER         = "CRPC-TR95521-S",
INSTITUTION    = "Center for Research on Parallel Computation",
YEAR           =  "1995" }

@ARTICLE{hendrickson94a,
AUTHOR         = {B. Hendrickson and D. Womble},
TITLE          = "{The Torus-Wrap Mapping for Dense Matrix Calculations
                 on Massively Parallel Computers}",
JOURNAL        = SIAMSSC,
VOLUME         = "15",
NUMBER         = "5",
MONTH          = "September",
PAGES          = "1201--1226",
YEAR           = 1994 }

@ARTICLE{lawn120,
AUTHOR         = {F. Desprez and J. Dongarra and A. Petitet and
                 C. Randriamaro and Y. Robert},
TITLE          = "{Scheduling Block-Cyclic Array Redistribution}",
JOURNAL        = IEEEPDS,
VOLUME         = 9,
NUMBER         = 2,
NOTE           = {(also {LAPACK} Working Note No.120)},
PAGES          = {192-205},
YEAR           = "1998" }

@ARTICLE{lichtenstein93a,
AUTHOR         = {W. Lichtenstein and S. L. Johnsson},
TITLE          = "{Block-Cyclic Dense Linear Algebra}",
JOURNAL        = SIAMSSC,
YEAR           = 1993,
VOLUME         = 14,
NUMBER         = 6,
PAGES          = {1259-1288} }

@TECHREPORT{lim97a,
AUTHOR         = {Y. Lim and P. Bhat and V. Prasanna},
TITLE          = "{Efficient Algorithms for Block-Cyclic Redistribution
                 of Arrays}",
NUMBER         = "CENG 97-10",
INSTITUTION    = "Department of Electrical Engineering - Systems,
                 University of Southern California, Los Angeles, CA",
YEAR           = "1997" }

@ARTICLE{prylli97a,
AUTHOR         = "L. Prylli and B. Tourancheau",
TITLE          = "{Fast Runtime Block Cyclic Data Redistribution on
                 Multiprocessors}",
JOURNAL        = JPDC,
VOLUME         = 45,
YEAR           = 1997 }

@ARTICLE{walker95a,
AUTHOR         = "D. Walker and S. Otto",
TITLE          = "{Redistribution of Block-Cyclic Data Distributions
                 Using MPI}",
JOURNAL        = CPE,
VOLUME         = 8,
NUMBER         = 9,
PAGES          = "707-728",
YEAR           = 1996}

@INPROCEEDINGS{wang96a,
AUTHOR         = {L. Wang and J. Stichnoth and S. Chatterjee},
TITLE          = {Runtime Performance of Parallel Array Assignment:
                 an Empirical Study},
BOOKTITLE      = {Proceedings of Supercomputing '96},
PUBLISHER      = {Sponsored by ACM SIGARCH and IEEE Computer Society},
YEAR           = {1996},
ISBN           = {0-89791-854-1},
NOTE           = {(ACM Order Number: 415962, IEEE Computer Society Press
                Order Number: RS00126.
                 http://www.supercomp.org/sc96/proceedings/)} } 

@PHDTHESIS{superlu,
      AUTHOR = {Li, X.},
      TITLE = {Sparse Gaussian Elimination on High Performance Computers},
      SCHOOL = {University of California at Berkeley},
      NOTE = {Computer Science Dept.},
      YEAR = {1996} }

@BOOK{arpack,
      AUTHOR = {Lehoucq, R. and Sorensen, D. and Yang, C.},
      TITLE = {{ARPACK} Users' Guide},
      EDITION = {First},
      PUBLISHER = {Society for Industrial and Applied Mathematics},
      YEAR = {1998},
      ADDRESS = {Philadelphia, PA},
      ISBN = {0-89871-407-9 (paperback)} }

@ARTICLE{sutton09,
      AUTHOR = {Sutton, B. D.},
      TITLE = {Computing the complete {CS} decomposition},
      JOURNAL = {Numer. Algor.},
      YEAR = {2009},
      VOLUME = {50},
      NUMBER = {1},
      PAGES = {33-65}}

@ARTICLE{ashcraftetal98,
      AUTHOR = {Ashcraft, C. and Grimes, R. G. and Lewis, J. G.},
      TITLE = {Accurate symmetric indefinite linear equation solvers},
      JOURNAL = {SIAM J. Matrix Anal. Appl.},
      YEAR = {1998},
      VOLUME = {20},
      NUMBER = {2}, = 
      PAGES = {513-561}}

@TECHREPORT{lucas04,
      AUTHOR = {Lucas, C.},
      TITLE = {{LAPACK}-Style Codes for {L}evel 2 and 3 Pivoted {C}holesky Factorizations},
      INSTITUTION = {Departments of Mathematics, University of Manchester},
      YEAR = {2004},
      TYPE = {{N}umerical {A}nalysis {R}eport {N}o.},
      MONTH = {Feb},
      ADDRESS = {Manchester M13 9PL},
      NUMBER = {442},
      NOTE = {(Also LAPACK Working Note \#161)} }

@ARTICLE{gustavsonetal08,
      AUTHOR = {Gustavson, F. G. and Wasniewski, J. and Dongarra, J. and Langou, J.},
      TITLE = {{R}ectangular {F}ull {P}acked format for {C}holesky's algorithm:
                      Factorization, Solution and Inversion},
     JOURNAL = {ACM Trans. Math. Softw.},
      YEAR = {2010},
      VOLUME = {37},
      PAGES = {18:1-18:21},
      NOTE = {(Also LAPACK Working Note \#199)}}

@ARTICLE{lietal02,
      AUTHOR = {Li, X. S. and Demmel, J. and Bailey, D. H. and Henry, G. and Hida, Y. and Iskandar, J.
                          and Kahan, W. and Kang, S. Y. and Kapur, A. and Martin, M. C. and Thompson, B. J.
                          and Tung, T. and Yoo, D. J.},
      TITLE = {Design, Implementation and Testing of Extended and Mixed Precision {BLAS}},
      JOURNAL = {ACM Trans. Math. Softw.},
      YEAR = {2002},
      VOLUME = {28},
      PAGES = {152-205},
      NOTE = {(Also LAPACK Working Note \#149)}}
 
@ARTICLE{demmeletal06,
      AUTHOR = {Demmel, J. and Hida, Y. and Kahan, W. and Li, X. S. and Mukherjee, S.
                           and Riedy, E. J.},
      TITLE = {Error Bounds from Extra Precise Iterative Refinement},
      JOURNAL = {ACM Trans. Math. Softw.},
      YEAR = {2006},
      VOLUME = {32},
      PAGES = {325-351},
      NOTE = {(Also LAPACK Working Note \#165)}}

@ARTICLE{parlettdhillon00,
      AUTHOR = {Parlett, B. N. and Dhillon, I. S.},
      TITLE = {Relatively Robust Representations of Symmetric Tridiagonals},
      JOURNAL = {Lin. Alg. Applic.},
      YEAR = {2000},
      VOLUME = {309},
      PAGES = {121-151}}

@ARTICLE{parlettmarques00,
      AUTHOR = {Parlett, B. N. and Marques, O. A.},
      TITLE = {An implementation of the dqds algorithm (Positive case)},
      JOURNAL = {Lin. Alg. Applic.},
      YEAR = {2000},
      VOLUME = {309},
      PAGES = {217-259},
      NOTE =  {(Also LAPACK Working Note \#155)}}

@ARTICLE{dhillonparlett03,
      AUTHOR = {Dhillon, I. S. and Parlett, B. N.},
      TITLE = {Orthogonal Eigenvectors and Relative Gaps},
      JOURNAL = {SIAM J. Matrix Anal. Applic.},
      YEAR = {2003},
      VOLUME = {25},
      PAGES = {858-899},
      NOTE =  {(Also LAPACK Working Note \#154)}}

@Article{dhillonetal06,
  author =       {Inderjit S. Dhillon and Beresford N. Parlett and Christof V\"{o}mel},
  title =        {The Design and Implementation of the {MRRR} Algorithm},
  journal =      {{ACM} Trans. Math. Softw.},
  volume =       {32},
  pages =        {533-560},
  year =         {2006},
  note = {(Also LAPACK Working Note \#162)}}
 
@ARTICLE{dhillonparlett04,
      AUTHOR = {Dhillon, I. S. and Parlett, B. N.},
      TITLE = {Multiple Representations to Compute Orthogonal Eigenvectors
                     of Symmetric Tridiagonal Matrices},
      JOURNAL = {Lin. Alg. Applic.},
      YEAR = {2004},
      VOLUME = {387},
      PAGES = {1-28}}

@ARTICLE{marquesetal05,
      AUTHOR = {Marques, O. A. and Parlett, B. N. and V\"{o}mel, C.},
      TITLE = {Computations of Eigenpair Subsets with the {MRRR} Algorithm},
      JOURNAL = {Numer. Lin. Alg. Applic.},
      YEAR = {2005},
      VOLUME = {13},
      PAGES = {643-653},
      NOTE =  {(Also LAPACK Working Note \#167)}}

@ARTICLE{drmacveselic1,
      AUTHOR = {Drma\v{c}, Z. and Veseli\'{c}, K.},
      TITLE = {New Fast and Accurate {J}acobi {SVD} Algorithm: {I}},
      JOURNAL = {SIAM J. Matrix Anal. Applic.},
      YEAR = {2008},
      VOLUME = {29},
      PAGES = {1322-1342},
      NOTE = {(Also LAPACK Working Note \#169)} }

@ARTICLE{drmacveselic2,
      AUTHOR = {Drma\v{c}, Z. and Veseli\'{c}, K.},
      TITLE = {New Fast and Accurate {J}acobi {SVD} Algorithm: {II}},
      JOURNAL = {SIAM J. Matrix Anal. Applic.},
      YEAR = {2008},
      VOLUME = {29},
      PAGES = {1343-1362},
      NOTE = {(Also LAPACK Working Note \#170)} }

@ARTICLE{bramanetal02a,
      AUTHOR = {Braman, K. and Byers, R. and Mathias, R.},
      TITLE = {The Multishift {QR} Algorithm. Part {I}: Maintaining Well-Focused Shifts and 
                      {L}evel 3 Performance},
      JOURNAL = {SIAM J. Matrix Anal. Applic.},
      YEAR = {2002},
      VOLUME = {23},
      PAGES = {929-947}}

@ARTICLE{bramanetal02b,
      AUTHOR = {Braman, K. and Byers, R. and Mathias, R.},
      TITLE = {The Multishift {QR} Algorithm. Part {II}: Aggressive Early Deflation},
      JOURNAL = {SIAM J. Matrix Anal. Applic.},
      YEAR = {2002},
      VOLUME = {23},
      PAGES = {948-973} }

@ARTICLE{ortigeijn06,
      AUTHOR = {Quintana-Ort\'{i}, G. and van de Geijn, R.},
      TITLE = {Improving the Performance of Reduction to {Hessenberg} Form},
      JOURNAL = {{ACM} Trans. Math. Softw.},
      YEAR = {2006},
      VOLUME = {32},
      PAGES = {180-194}}

@Article{drmacbujanovic08,
  author =       {Zlatko Drma\v{c} and Zvonimir Bujanovi\'{c}},
  title =        {On the Failure of Rank Revealing {QR} Factorization Software --- A
                 Case Study},
  journal =      {{ACM} Trans. Math. Softw.},
  volume =       {35},
  number =       {2},
   year =         {2008},
  pages =        {12:1-12:28},
  note = {(Also LAPACK Working Note \#176)}}

@ARTICLE{demmeletal10,
      AUTHOR = {Demmel, J.W. and Hoemann, M. and Hida, Y. and Riedy, E. J.},
      TITLE = {Non-negative Diagonals and High Performance on Low-profile Matrices
                     from {H}ouseholder {QR}},
     JOURNAL = {{SIAM} J. Sci. Comput.},
     VOLUME = {31},
     NUMBER = {4},
     YEAR = {2010},
     PAGES = {2832-2841},
     NOTE = {(Also LAPACK Working Note \#203)}}

@ARTICLE{buttarietal07,
      AUTHOR = {Buttari, A. and Dongarra, J. and Langou, J. and Langou, J. and Luszczek, P. and
                          Kurzak, J.},
      TITLE = {Mixed Precision Iterative Refinement Techniques for the Solution of Dense Linear
                     Systems},
      JOURNAL = {International Journal of High Performance Computing Applications},
      YEAR = {2007},
      VOLUME = {21},
      NUMBER = {4},
      PAGES = {457-466}}

@Article{andapark94,
  author =       {Anda, A. A. and Park, H.},
  title =        {Fast plane rotations with dynamic scaling},
  journal =      {{SIAM} J. Matrix Anal. Appl.},
  volume =       {15},
   year =         {1994},
  pages =        {162-174}}

